00100000         2247745860001000029647040014       0180230000002544776 INSTITUTO DE SELECAO E TECNOLOBANCO DO BRASIL                         21304201701344500010403000000515122941PROCESSAMEN                                                 
00100011T0100020 20247745860001000029647040014       0180230000002544776 INSTITUTO DE SELECAO E TECNOLO                                                                                000000001304201700000000  000000000                      
0010001300001T 020180230000002544776 29647040526801739   7               15042017000000000006000001028029                         0900000000000010000000000000000000000000000000000000000   0000000000000000000000000A9        170192964704     
0010001300002U 020000000000000000000000000000000000000000000000000000000000000000000000000000000000000000000000000000000000000000000000001304201700000000            000000000000000                              000                           
0010001300003T 020180230000002544776 29647040736813479   7               15042017000000000006000001016179                         0900000000000010000000000000000000000000000000000000000   0000000000000000000000000A9        170192964704     
0010001300004U 020000000000000000000000000000000000000000000000000000000000000000000000000000000000000000000000000000000000000000000000001304201700000000            000000000000000                              000                           
0010001300005T 020180230000002544776 29647040855825578   7               15042017000000000006000001035041                         0900000000000010000000000000000000000000000000000000000   0000000000000000000000000A9        170192964704     
0010001300006U 020000000000000000000000000000000000000000000000000000000000000000000000000000000000000000000000000000000000000000000000001304201700000000            000000000000000                              000                           
0010001300007T 020180230000002544776 29647040934748575   7               15042017000000000008000001018376                         0900000000000010000000000000000000000000000000000000000   0000000000000000000000000A9        170192964704     
0010001300008U 020000000000000000000000000000000000000000000000000000000000000000000000000000000000000000000000000000000000000000000000001304201700000000            000000000000000                              000                           
0010001300009T 020180230000002544776 29647041040559703   7               15042017000000000008000001000132                         0900000000000010000000000000000000000000000000000000000   0000000000000000000000000A9        170192964704     
0010001300010U 020000000000000000000000000000000000000000000000000000000000000000000000000000000000000000000000000000000000000000000000001304201700000000            000000000000000                              000                           
0010001300011T 020180230000002544776 29647041137529315   7               15042017000000000006000001012467                         0900000000000010000000000000000000000000000000000000000   0000000000000000000000000A9        170192964704     
0010001300012U 020000000000000000000000000000000000000000000000000000000000000000000000000000000000000000000000000000000000000000000000001304201700000000            000000000000000                              000                           
0010001300013T 020180230000002544776 29647041159315609   7               14042017000000000006000001001511                         0900000000000010000000000000000000000000000000000000000   0000000000000000000000000A9        170192964704     
0010001300014U 020000000000000000000000000000000000000000000000000000000000000000000000000000000000000000000000000000000000000000000000001204201700000000            000000000000000                              000                           
0010001300015T 020180230000002544776 29647041197538550   7               15042017000000000008000001000132                         0900000000000010000000000000000000000000000000000000000   0000000000000000000000000A9        170192964704     
0010001300016U 020000000000000000000000000000000000000000000000000000000000000000000000000000000000000000000000000000000000000000000000001304201700000000            000000000000000                              000                           
0010001300017T 020180230000002544776 29647041206255811   7               15042017000000000006000001020354                         0900000000000010000000000000000000000000000000000000000   0000000000000000000000000A9        170192964704     
0010001300018U 020000000000000000000000000000000000000000000000000000000000000000000000000000000000000000000000000000000000000000000000001304201700000000            000000000000000                              000                           
0010001300019T 020180230000002544776 29647041234124634   7               15042017000000000006000001033316                         0900000000000010000000000000000000000000000000000000000   0000000000000000000000000A9        170192964704     
0010001300020U 020000000000000000000000000000000000000000000000000000000000000000000000000000000000000000000000000000000000000000000000001304201700000000            000000000000000                              000                           
0010001300021T 020180230000002544776 29647041278318188   7               15042017000000000006000001028029                         0900000000000010000000000000000000000000000000000000000   0000000000000000000000000A9        170192964704     
0010001300022U 020000000000000000000000000000000000000000000000000000000000000000000000000000000000000000000000000000000000000000000000001304201700000000            000000000000000                              000                           
0010001300023T 020180230000002544776 29647041278326779   7               15042017000000000006000001028029                         0900000000000010000000000000000000000000000000000000000   0000000000000000000000000A9        170192964704     
0010001300024U 020000000000000000000000000000000000000000000000000000000000000000000000000000000000000000000000000000000000000000000000001304201700000000            000000000000000                              000                           
0010001300025T 020180230000002544776 29647041278349636   7               15042017000000000006000001028029                         0900000000000010000000000000000000000000000000000000000   0000000000000000000000000A9        170192964704     
0010001300026U 020000000000000000000000000000000000000000000000000000000000000000000000000000000000000000000000000000000000000000000000001304201700000000            000000000000000                              000                           
0010001300027T 020180230000002544776 29647041281337264   7               15042017000000000006000001016179                         0900000000000010000000000000000000000000000000000000000   0000000000000000000000000A9        170192964704     
0010001300028U 020000000000000000000000000000000000000000000000000000000000000000000000000000000000000000000000000000000000000000000000001304201700000000            000000000000000                              000                           
0010001300029T 020180230000002544776 29647041299802189   7               15042017000000000006000001035041                         0900000000000010000000000000000000000000000000000000000   0000000000000000000000000A9        170192964704     
0010001300030U 020000000000000000000000000000000000000000000000000000000000000000000000000000000000000000000000000000000000000000000000001304201700000000            000000000000000                              000                           
0010001300031T 020180230000002544776 29647041360927472   7               15042017000000000006000001028029                         0900000000000010000000000000000000000000000000000000000   0000000000000000000000000A9        170192964704     
0010001300032U 020000000000000000000000000000000000000000000000000000000000000000000000000000000000000000000000000000000000000000000000001304201700000000            000000000000000                              000                           
0010001300033T 020180230000002544776 29647041360939203   7               15042017000000000006000001028029                         0900000000000010000000000000000000000000000000000000000   0000000000000000000000000A9        170192964704     
0010001300034U 020000000000000000000000000000000000000000000000000000000000000000000000000000000000000000000000000000000000000000000000001304201700000000            000000000000000                              000                           
0010001300035T 020180230000002544776 29647041374711415   7               15042017000000000006000001033316                         0900000000000010000000000000000000000000000000000000000   0000000000000000000000000A9        170192964704     
0010001300036U 020000000000000000000000000000000000000000000000000000000000000000000000000000000000000000000000000000000000000000000000001304201700000000            000000000000000                              000                           
0010001300037T 020180230000002544776 29647041386507694   7               15042017000000000006000001028029                         0900000000000010000000000000000000000000000000000000000   0000000000000000000000000A9        170192964704     
0010001300038U 020000000000000000000000000000000000000000000000000000000000000000000000000000000000000000000000000000000000000000000000001304201700000000            000000000000000                              000                           
0010001300039T 020180230000002544776 29647041397022691   7               15042017000000000006000001018376                         0900000000000010000000000000000000000000000000000000000   0000000000000000000000000A9        170192964704     
0010001300040U 020000000000000000000000000000000000000000000000000000000000000000000000000000000000000000000000000000000000000000000000001304201700000000            000000000000000                              000                           
0010001300041T 020180230000002544776 29647041400155474   7               15042017000000000006000001028029                         0900000000000010000000000000000000000000000000000000000   0000000000000000000000000A9        170192964704     
0010001300042U 020000000000000000000000000000000000000000000000000000000000000000000000000000000000000000000000000000000000000000000000001304201700000000            000000000000000                              000                           
0010001300043T 020180230000002544776 29647041474457158   7               14042017000000000008000001016179                         0900000000000010000000000000000000000000000000000000000   0000000000000000000000000A9        170192964704     
0010001300044U 020000000000000000000000000000000000000000000000000000000000000000000000000000000000000000000000000000000000000000000000001204201700000000            000000000000000                              000                           
0010001300045T 020180230000002544776 29647041483244330   7               15042017000000000006000001009636                         0900000000000010000000000000000000000000000000000000000   0000000000000000000000000A9        170192964704     
0010001300046U 020000000000000000000000000000000000000000000000000000000000000000000000000000000000000000000000000000000000000000000000001304201700000000            000000000000000                              000                           
0010001300047T 020180230000002544776 29647041487706665   7               15042017000000000006000001028029                         0900000000000010000000000000000000000000000000000000000   0000000000000000000000000A9        170192964704     
0010001300048U 020000000000000000000000000000000000000000000000000000000000000000000000000000000000000000000000000000000000000000000000001304201700000000            000000000000000                              000                           
0010001300049T 020180230000002544776 29647041503618125   7               14042017000000000006000001001201                         0900000000000010500000000000000000000000000000000000000   0000000000000000000000000A9A4      170192964704     
0010001300050U 020000000000000000000000000000000000000000000000000000000000000000000000000000000000000000000000000000000000000000000000001204201700000000            000000000000000                              000                           
0010001300051T 020180230000002544776 29647041520023104   7               14042017000000000006000001009636                         0900000000000010000000000000000000000000000000000000000   0000000000000000000000000A9        170192964704     
0010001300052U 020000000000000000000000000000000000000000000000000000000000000000000000000000000000000000000000000000000000000000000000001204201700000000            000000000000000                              000                           
0010001300053T 020180230000002544776 29647041520045759   7               15042017000000000006000001009636                         0900000000000010000000000000000000000000000000000000000   0000000000000000000000000A9        170192964704     
0010001300054U 020000000000000000000000000000000000000000000000000000000000000000000000000000000000000000000000000000000000000000000000001304201700000000            000000000000000                              000                           
0010001300055T 020180230000002544776 29647041527449480   7               15042017000000000006000001000132                         0900000000000010000000000000000000000000000000000000000   0000000000000000000000000A9        170192964704     
0010001300056U 020000000000000000000000000000000000000000000000000000000000000000000000000000000000000000000000000000000000000000000000001304201700000000            000000000000000                              000                           
0010001300057T 020180230000002544776 29647041554841711   7               15042017000000000006000001028029                         0900000000000010000000000000000000000000000000000000000   0000000000000000000000000A9        170192964704     
0010001300058U 020000000000000000000000000000000000000000000000000000000000000000000000000000000000000000000000000000000000000000000000001304201700000000            000000000000000                              000                           
0010001300059T 020180230000002544776 29647041604836563   7               15042017000000000006000001000132                         0900000000000010000000000000000000000000000000000000000   0000000000000000000000000A9        170192964704     
0010001300060U 020000000000000000000000000000000000000000000000000000000000000000000000000000000000000000000000000000000000000000000000001304201700000000            000000000000000                              000                           
0010001300061T 020180230000002544776 29647041616358031   7               15042017000000000006000001000132                         0900000000000010000000000000000000000000000000000000000   0000000000000000000000000A9        170192964704     
0010001300062U 020000000000000000000000000000000000000000000000000000000000000000000000000000000000000000000000000000000000000000000000001304201700000000            000000000000000                              000                           
0010001300063T 020180230000002544776 29647041623458893   7               14042017000000000006000001017108                         0900000000000010000000000000000000000000000000000000000   0000000000000000000000000A9        170192964704     
0010001300064U 020000000000000000000000000000000000000000000000000000000000000000000000000000000000000000000000000000000000000000000000001204201700000000            000000000000000                              000                           
0010001300065T 020180230000002544776 29647041641523388   7               15042017000000000006000001000132                         0900000000000010000000000000000000000000000000000000000   0000000000000000000000000A9        170192964704     
0010001300066U 020000000000000000000000000000000000000000000000000000000000000000000000000000000000000000000000000000000000000000000000001304201700000000            000000000000000                              000                           
0010001300067T 020180230000002544776 29647041641545684   7               15042017000000000006000001000132                         0900000000000010000000000000000000000000000000000000000   0000000000000000000000000A9        170192964704     
0010001300068U 020000000000000000000000000000000000000000000000000000000000000000000000000000000000000000000000000000000000000000000000001304201700000000            000000000000000                              000                           
0010001300069T 020180230000002544776 29647041641555809   7               15042017000000000006000001000132                         0900000000000010000000000000000000000000000000000000000   0000000000000000000000000A9        170192964704     
0010001300070U 020000000000000000000000000000000000000000000000000000000000000000000000000000000000000000000000000000000000000000000000001304201700000000            000000000000000                              000                           
0010001300071T 020180230000002544776 29647041650154864   7               15042017000000000006000001028029                         0900000000000010000000000000000000000000000000000000000   0000000000000000000000000A9        170192964704     
0010001300072U 020000000000000000000000000000000000000000000000000000000000000000000000000000000000000000000000000000000000000000000000001304201700000000            000000000000000                              000                           
0010001300073T 020180230000002544776 29647041651247143   7               15042017000000000006000001022748                         0900000000000010000000000000000000000000000000000000000   0000000000000000000000000A9        170192964704     
0010001300074U 020000000000000000000000000000000000000000000000000000000000000000000000000000000000000000000000000000000000000000000000001304201700000000            000000000000000                              000                           
0010001300075T 020180230000002544776 29647041677831966   7               15042017000000000006000001000132                         0900000000000010000000000000000000000000000000000000000   0000000000000000000000000A9        170192964704     
0010001300076U 020000000000000000000000000000000000000000000000000000000000000000000000000000000000000000000000000000000000000000000000001304201700000000            000000000000000                              000                           
0010001300077T 020180230000002544776 29647041703349950   7               14042017000000000006000001008672                         0900000000000010000000000000000000000000000000000000000   0000000000000000000000000A9        170192964704     
0010001300078U 020000000000000000000000000000000000000000000000000000000000000000000000000000000000000000000000000000000000000000000000001204201700000000            000000000000000                              000                           
0010001300079T 020180230000002544776 29647041708851153   7               15042017000000000006000001011126                         0900000000000010000000000000000000000000000000000000000   0000000000000000000000000A9        170192964704     
0010001300080U 020000000000000000000000000000000000000000000000000000000000000000000000000000000000000000000000000000000000000000000000001304201700000000            000000000000000                              000                           
0010001300081T 020180230000002544776 29647041710836221   7               15042017000000000006000001008214                         0900000000000010000000000000000000000000000000000000000   0000000000000000000000000A9        170192964704     
0010001300082U 020000000000000000000000000000000000000000000000000000000000000000000000000000000000000000000000000000000000000000000000001304201700000000            000000000000000                              000                           
0010001300083T 020180230000002544776 29647041711212977   7               15042017000000000008000001000132                         0900000000000010000000000000000000000000000000000000000   0000000000000000000000000A9        170192964704     
0010001300084U 020000000000000000000000000000000000000000000000000000000000000000000000000000000000000000000000000000000000000000000000001304201700000000            000000000000000                              000                           
0010001300085T 020180230000002544776 29647041716009161   7               15042017000000000006000001028029                         0900000000000010000000000000000000000000000000000000000   0000000000000000000000000A9        170192964704     
0010001300086U 020000000000000000000000000000000000000000000000000000000000000000000000000000000000000000000000000000000000000000000000001304201700000000            000000000000000                              000                           
0010001300087T 020180230000002544776 29647041716035386   7               15042017000000000006000001028029                         0900000000000010000000000000000000000000000000000000000   0000000000000000000000000A9        170192964704     
0010001300088U 020000000000000000000000000000000000000000000000000000000000000000000000000000000000000000000000000000000000000000000000001304201700000000            000000000000000                              000                           
0010001300089T 020180230000002544776 29647041719655113   7               15042017000000000006000001000132                         0900000000000010000000000000000000000000000000000000000   0000000000000000000000000A9        170192964704     
0010001300090U 020000000000000000000000000000000000000000000000000000000000000000000000000000000000000000000000000000000000000000000000001304201700000000            000000000000000                              000                           
0010001300091T 020180230000002544776 29647041719710634   7               15042017000000000008000001000132                         0900000000000010000000000000000000000000000000000000000   0000000000000000000000000A9        170192964704     
0010001300092U 020000000000000000000000000000000000000000000000000000000000000000000000000000000000000000000000000000000000000000000000001304201700000000            000000000000000                              000                           
0010001300093T 020180230000002544776 29647041720224846   7               15042017000000000006000001018376                         0900000000000010000000000000000000000000000000000000000   0000000000000000000000000A9        170192964704     
0010001300094U 020000000000000000000000000000000000000000000000000000000000000000000000000000000000000000000000000000000000000000000000001304201700000000            000000000000000                              000                           
0010001300095T 020180230000002544776 29647041727454725   7               15042017000000000008000001001511                         0900000000000010000000000000000000000000000000000000000   0000000000000000000000000A9        170192964704     
0010001300096U 020000000000000000000000000000000000000000000000000000000000000000000000000000000000000000000000000000000000000000000000001304201700000000            000000000000000                              000                           
0010001300097T 020180230000002544776 29647041730218115   7               15042017000000000006000001028029                         0900000000000010000000000000000000000000000000000000000   0000000000000000000000000A9        170192964704     
0010001300098U 020000000000000000000000000000000000000000000000000000000000000000000000000000000000000000000000000000000000000000000000001304201700000000            000000000000000                              000                           
0010001300099T 020180230000002544776 29647041732602622   7               15042017000000000008000001028029                         0900000000000010000000000000000000000000000000000000000   0000000000000000000000000A9        170192964704     
0010001300100U 020000000000000000000000000000000000000000000000000000000000000000000000000000000000000000000000000000000000000000000000001304201700000000            000000000000000                              000                           
0010001300101T 020180230000002544776 29647041733616325   7               15042017000000000008000001016179                         0900000000000010000000000000000000000000000000000000000   0000000000000000000000000A9        170192964704     
0010001300102U 020000000000000000000000000000000000000000000000000000000000000000000000000000000000000000000000000000000000000000000000001304201700000000            000000000000000                              000                           
0010001300103T 020180230000002544776 29647041733740548   7               15042017000000000008000001028029                         0900000000000010000000000000000000000000000000000000000   0000000000000000000000000A9        170192964704     
0010001300104U 020000000000000000000000000000000000000000000000000000000000000000000000000000000000000000000000000000000000000000000000001304201700000000            000000000000000                              000                           
0010001300105T 020180230000002544776 29647041733829449   7               15042017000000000006000001028029                         0900000000000010000000000000000000000000000000000000000   0000000000000000000000000A9        170192964704     
0010001300106U 020000000000000000000000000000000000000000000000000000000000000000000000000000000000000000000000000000000000000000000000001304201700000000            000000000000000                              000                           
0010001300107T 020180230000002544776 29647041733927640   7               15042017000000000008000001028029                         0900000000000010000000000000000000000000000000000000000   0000000000000000000000000A9        170192964704     
0010001300108U 020000000000000000000000000000000000000000000000000000000000000000000000000000000000000000000000000000000000000000000000001304201700000000            000000000000000                              000                           
0010001300109T 020180230000002544776 29647041734023399   7               15042017000000000008000001000132                         0900000000000010000000000000000000000000000000000000000   0000000000000000000000000A9        170192964704     
0010001300110U 020000000000000000000000000000000000000000000000000000000000000000000000000000000000000000000000000000000000000000000000001304201700000000            000000000000000                              000                           
0010001300111T 020180230000002544776 29647041734112784   7               15042017000000000006000001016179                         0900000000000010000000000000000000000000000000000000000   0000000000000000000000000A9        170192964704     
0010001300112U 020000000000000000000000000000000000000000000000000000000000000000000000000000000000000000000000000000000000000000000000001304201700000000            000000000000000                              000                           
0010001300113T 020180230000002544776 29647041734348710   7               15042017000000000006000001028029                         0900000000000010500000000000000000000000000000000000000   0000000000000000000000000A9A4      170192964704     
0010001300114U 020000000000000000000000000000000000000000000000000000000000000000000000000000000000000000000000000000000000000000000000001304201700000000            000000000000000                              000                           
0010001300115T 020180230000002544776 29647041734348968   7               15042017000000000006000001028029                         0900000000000010500000000000000000000000000000000000000   0000000000000000000000000A9A4      170192964704     
0010001300116U 020000000000000000000000000000000000000000000000000000000000000000000000000000000000000000000000000000000000000000000000001304201700000000            000000000000000                              000                           
0010001300117T 020180230000002544776 29647041734523462   7               15042017000000000006000001005428                         0900000000000010000000000000000000000000000000000000000   0000000000000000000000000A9        170192964704     
0010001300118U 020000000000000000000000000000000000000000000000000000000000000000000000000000000000000000000000000000000000000000000000001304201700000000            000000000000000                              000                           
0010001300119T 020180230000002544776 29647041734655860   7               15042017000000000008000001016179                         0900000000000010000000000000000000000000000000000000000   0000000000000000000000000A9        170192964704     
0010001300120U 020000000000000000000000000000000000000000000000000000000000000000000000000000000000000000000000000000000000000000000000001304201700000000            000000000000000                              000                           
0010001300121T 020180230000002544776 29647041734714627   7               15042017000000000006000001001597                         0900000000000010500000000000000000000000000000000000000   0000000000000000000000000A9A4      170192964704     
0010001300122U 020000000000000000000000000000000000000000000000000000000000000000000000000000000000000000000000000000000000000000000000001304201700000000            000000000000000                              000                           
0010001300123T 020180230000002544776 29647041734808767   7               15042017000000000006000001012467                         0900000000000010000000000000000000000000000000000000000   0000000000000000000000000A9        170192964704     
0010001300124U 020000000000000000000000000000000000000000000000000000000000000000000000000000000000000000000000000000000000000000000000001304201700000000            000000000000000                              000                           
0010001300125T 020180230000002544776 29647041734848522   7               15042017000000000006000001012467                         0900000000000010000000000000000000000000000000000000000   0000000000000000000000000A9        170192964704     
0010001300126U 020000000000000000000000000000000000000000000000000000000000000000000000000000000000000000000000000000000000000000000000001304201700000000            000000000000000                              000                           
0010001300127T 020180230000002544776 29647041734913818   7               15042017000000000008000001028029                         0900000000000010500000000000000000000000000000000000000   0000000000000000000000000A9A4      170192964704     
0010001300128U 020000000000000000000000000000000000000000000000000000000000000000000000000000000000000000000000000000000000000000000000001304201700000000            000000000000000                              000                           
0010001300129T 020180230000002544776 29647041735004409   7               15042017000000000008000001006734                         0900000000000010000000000000000000000000000000000000000   0000000000000000000000000A9        170192964704     
0010001300130U 020000000000000000000000000000000000000000000000000000000000000000000000000000000000000000000000000000000000000000000000001304201700000000            000000000000000                              000                           
0010001300131T 020180230000002544776 29647041735205317   7               15042017000000000008000001000132                         0900000000000010000000000000000000000000000000000000000   0000000000000000000000000A9        170192964704     
0010001300132U 020000000000000000000000000000000000000000000000000000000000000000000000000000000000000000000000000000000000000000000000001304201700000000            000000000000000                              000                           
0010001300133T 060180230000002544776 29647040526824703   7               13042017000000000006000001041181                         0900000000000010000000000000000000000000000000000000000   000000000000000000000029000        170192964704     
0010001300134U 060000000000000000000000000000000000000000000000000000000000000000000000060000000000000057100000000000000000000000000000001304201718042017            000000000000000                              000                           
0010001300135T 060180230000002544776 29647040638652726   7               14042017000000000006000001016179                         0900000000000010000000000000000000000000000000000000000   000000000000000000000029000        170192964704     
0010001300136U 060000000000000000000000000000000000000000000000000000000000000000000000060000000000000057100000000000000000000000000000001304201718042017            000000000000000                              000                           
0010001300137T 060180230000002544776 29647040787209298   7               13042017000000000006000001008702                         0900000000000010000000000000000000000000000000000000000   000000000000000000000029000        170192964704     
0010001300138U 060000000000000000000000000000000000000000000000000000000000000000000000060000000000000057100000000000000000000000000000001304201718042017            000000000000000                              000                           
0010001300139T 060180230000002544776 29647040873006645   7               13042017000000000006000001010669                         0900000000000010000000000000000000000000000000000000000   000000000000000000000029000        170192964704     
0010001300140U 060000000000000000000000000000000000000000000000000000000000000000000000060000000000000057100000000000000000000000000000001304201718042017            000000000000000                              000                           
0010001300141T 060180230000002544776 29647041242632681   7               13042017000000000006000001049964                         0900000000000010000000000000000000000000000000000000000   000000000000000000000029000        170192964704     
0010001300142U 060000000000000000000000000000000000000000000000000000000000000000000000060000000000000057100000000000000000000000000000001304201718042017            000000000000000                              000                           
0010001300143T 170180230000002544776 29647041246553433   7               00000000000000000006000001048453                         0900000000000010000000000000000000000000000000000000000   000000000000000000000070003        170192964704     
0010001300144U 170000000000000000000000000000000000000000000000000000000000000000000000060000000000000053000000000000000000000000000000001304201718042017            000000000000000                              000                           
0010001300145T 060180230000002544776 29647041299802189   7               15042017000000000006000104007750                         0900000000000010000000000000000000000000000000000000000   000000000000000000000029000        170192964704     
0010001300146U 060000000000000000000000000000000000000000000000000000000000000000000000060000000000000057100000000000000000000000000000001304201718042017            000000000000000                              000                           
0010001300147T 060180230000002544776 29647041446844818   7               13042017000000000006000004003010                         0900000000000010000000000000000000000000000000000000000   000000000000000000000029000        170192964704     
0010001300148U 060000000000000000000000000000000000000000000000000000000000000000000000060000000000000057100000000000000000000000000000001304201718042017            000000000000000                              000                           
0010001300149T 170180230000002544776 29647041527446810   7               00000000000000000006000001012335                         0900000000000010000000000000000000000000000000000000000   000000000000000000000070003        170192964704     
0010001300150U 170000000000002050000000000000000000000000000000000000000000000000000000062050000000000055050000000000000000000000000000001304201718042017            000000000000000                              000                           
0010001300151T 060180230000002544776 29647041555821393   7               14042017000000000006000237016950                         0900000000000010000000000000000000000000000000000000000   000000000000000000000029000        170192964704     
0010001300152U 060000000000000000000000000000000000000000000000000000000000000000000000060000000000000057100000000000000000000000000000001304201718042017            000000000000000                              000                           
0010001300153T 060180230000002544776 29647041559705880   7               14042017000000000006000001000116                         0900000000000010000000000000000000000000000000000000000   000000000000000000000029000        170192964704     
0010001300154U 060000000000000000000000000000000000000000000000000000000000000000000000060000000000000057100000000000000000000000000000001304201718042017            000000000000000                              000                           
0010001300155T 060180230000002544776 29647041578444958   7               14042017000000000008000104000380                         0900000000000010000000000000000000000000000000000000000   000000000000000000000029000        170192964704     
0010001300156U 060000000000000000000000000000000000000000000000000000000000000000000000080000000000000077100000000000000000000000000000001304201718042017            000000000000000                              000                           
0010001300157T 060180230000002544776 29647041590023160   7               13042017000000000006000001016365                         0900000000000010000000000000000000000000000000000000000   000000000000000000000029000        170192964704     
0010001300158U 060000000000000000000000000000000000000000000000000000000000000000000000060000000000000057100000000000000000000000000000001304201718042017            000000000000000                              000                           
0010001300159T 060180230000002544776 29647041604806750   7               14042017000000000006000001083534                         0900000000000010000000000000000000000000000000000000000   000000000000000000000029000        170192964704     
0010001300160U 060000000000000000000000000000000000000000000000000000000000000000000000060000000000000057100000000000000000000000000000001304201718042017            000000000000000                              000                           
0010001300161T 060180230000002544776 29647041694319571   7               13042017000000000006000104008120                         0900000000000010000000000000000000000000000000000000000   000000000000000000000029000        170192964704     
0010001300162U 060000000000000000000000000000000000000000000000000000000000000000000000060000000000000057100000000000000000000000000000001304201718042017            000000000000000                              000                           
0010001300163T 060180230000002544776 29647041703712323   7               13042017000000000006000001017310                         0900000000000010000000000000000000000000000000000000000   000000000000000000000029000        170192964704     
0010001300164U 060000000000000000000000000000000000000000000000000000000000000000000000060000000000000057100000000000000000000000000000001304201718042017            000000000000000                              000                           
0010001300165T 060180230000002544776 29647041720224846   7               15042017000000000006000104006480                         0900000000000010000000000000000000000000000000000000000   000000000000000000000029000        170192964704     
0010001300166U 060000000000000000000000000000000000000000000000000000000000000000000000060000000000000057100000000000000000000000000000001304201718042017            000000000000000                              000                           
0010001300167T 060180230000002544776 29647041721416823   7               13042017000000000008000341082900                         0900000000000010000000000000000000000000000000000000000   000000000000000000000029000        170192964704     
0010001300168U 060000000000000000000000000000000000000000000000000000000000000000000000080000000000000077100000000000000000000000000000001304201718042017            000000000000000                              000                           
0010001300169T 060180230000002544776 29647041723553880   7               13042017000000000006000104024040                         0900000000000010000000000000000000000000000000000000000   000000000000000000000029000        170192964704     
0010001300170U 060000000000000000000000000000000000000000000000000000000000000000000000060000000000000057100000000000000000000000000000001304201718042017            000000000000000                              000                           
0010001300171T 060180230000002544776 29647041727158452   7               13042017000000000008000001040126                         0900000000000010000000000000000000000000000000000000000   000000000000000000000029000        170192964704     
0010001300172U 060000000000000000000000000000000000000000000000000000000000000000000000080000000000000077100000000000000000000000000000001304201718042017            000000000000000                              000                           
0010001300173T 060180230000002544776 29647041727803921   7               13042017000000000006000001049964                         0900000000000010000000000000000000000000000000000000000   000000000000000000000029000        170192964704     
0010001300174U 060000000000000000000000000000000000000000000000000000000000000000000000060000000000000057100000000000000000000000000000001304201718042017            000000000000000                              000                           
0010001300175T 060180230000002544776 29647041730218115   7               15042017000000000006000104015800                         0900000000000010000000000000000000000000000000000000000   000000000000000000000029000        170192964704     
0010001300176U 060000000000000000000000000000000000000000000000000000000000000000000000060000000000000057100000000000000000000000000000001304201718042017            000000000000000                              000                           
0010001300177T 060180230000002544776 29647041730339818   7               13042017000000000008000104010300                         0900000000000010000000000000000000000000000000000000000   000000000000000000000029000        170192964704     
0010001300178U 060000000000000000000000000000000000000000000000000000000000000000000000080000000000000077100000000000000000000000000000001304201718042017            000000000000000                              000                           
0010001300179T 060180230000002544776 29647041733130054   7               14042017000000000006000237021140                         0900000000000010000000000000000000000000000000000000000   000000000000000000000029000        170192964704     
0010001300180U 060000000000000000000000000000000000000000000000000000000000000000000000060000000000000057100000000000000000000000000000001304201718042017            000000000000000                              000                           
0010001300181T 060180230000002544776 29647041734112784   7               15042017000000000006000104014560                         0900000000000010000000000000000000000000000000000000000   000000000000000000000029000        170192964704     
0010001300182U 060000000000000000000000000000000000000000000000000000000000000000000000060000000000000057100000000000000000000000000000001304201718042017            000000000000000                              000                           
0010001300183T 060180230000002544776 29647041734655860   7               1504201700000000000800000108347X                         0900000000000010000000000000000000000000000000000000000   000000000000000000000029000        170192964704     
0010001300184U 060000000000000000000000000000000000000000000000000000000000000000000000080000000000000077100000000000000000000000000000001304201718042017            000000000000000                              000                           
0010001300185T 280180230000002544776 29647040719453313   7               14032017000000000006000001000000                         0900000000000000000000000000000000000000000000000000000   000000000000000000000005002        170192964704     
0010001300186U 280000000000000000000000000000000000000000000000000000000000000000000000000000000000000000000000000000000000000000000000001304201700000000            000000000000000                              000                           
0010001300187T 280180230000002544776 29647040735524460   7               14032017000000000006000001000000                         0900000000000000000000000000000000000000000000000000000   000000000000000000000005002        170192964704     
0010001300188U 280000000000000000000000000000000000000000000000000000000000000000000000000000000000000000000000000000000000000000000000001304201700000000            000000000000000                              000                           
0010001300189T 280180230000002544776 29647040764212508   7               14032017000000000006000001000000                         0900000000000000000000000000000000000000000000000000000   000000000000000000000005002        170192964704     
0010001300190U 280000000000000000000000000000000000000000000000000000000000000000000000000000000000000000000000000000000000000000000000001304201700000000            000000000000000                              000                           
0010001300191T 280180230000002544776 29647040771919993   7               14032017000000000006000001000000                         0900000000000000000000000000000000000000000000000000000   000000000000000000000005002        170192964704     
0010001300192U 280000000000000000000000000000000000000000000000000000000000000000000000000000000000000000000000000000000000000000000000001304201700000000            000000000000000                              000                           
0010001300193T 280180230000002544776 29647040785632958   7               14032017000000000006000001000000                         0900000000000000000000000000000000000000000000000000000   000000000000000000000005002        170192964704     
0010001300194U 280000000000000000000000000000000000000000000000000000000000000000000000000000000000000000000000000000000000000000000000001304201700000000            000000000000000                              000                           
0010001300195T 280180230000002544776 29647040785633658   7               14032017000000000006000001000000                         0900000000000000000000000000000000000000000000000000000   000000000000000000000005002        170192964704     
0010001300196U 280000000000000000000000000000000000000000000000000000000000000000000000000000000000000000000000000000000000000000000000001304201700000000            000000000000000                              000                           
0010001300197T 280180230000002544776 29647040848335600   7               14032017000000000006000001000000                         0900000000000000000000000000000000000000000000000000000   000000000000000000000005002        170192964704     
0010001300198U 280000000000000000000000000000000000000000000000000000000000000000000000000000000000000000000000000000000000000000000000001304201700000000            000000000000000                              000                           
0010001300199T 280180230000002544776 29647040857817971   7               14032017000000000008000001000000                         0900000000000000000000000000000000000000000000000000000   000000000000000000000005002        170192964704     
0010001300200U 280000000000000000000000000000000000000000000000000000000000000000000000000000000000000000000000000000000000000000000000001304201700000000            000000000000000                              000                           
0010001300201T 280180230000002544776 29647040857823940   7               14032017000000000008000001000000                         0900000000000000000000000000000000000000000000000000000   000000000000000000000005002        170192964704     
0010001300202U 280000000000000000000000000000000000000000000000000000000000000000000000000000000000000000000000000000000000000000000000001304201700000000            000000000000000                              000                           
0010001300203T 280180230000002544776 29647040861616844   7               14032017000000000006000001000000                         0900000000000000000000000000000000000000000000000000000   000000000000000000000005002        170192964704     
0010001300204U 280000000000000000000000000000000000000000000000000000000000000000000000000000000000000000000000000000000000000000000000001304201700000000            000000000000000                              000                           
0010001300205T 280180230000002544776 29647040861621879   7               14032017000000000006000001000000                         0900000000000000000000000000000000000000000000000000000   000000000000000000000005002        170192964704     
0010001300206U 280000000000000000000000000000000000000000000000000000000000000000000000000000000000000000000000000000000000000000000000001304201700000000            000000000000000                              000                           
0010001300207T 280180230000002544776 29647040883913451   7               14032017000000000006000001000000                         0900000000000000000000000000000000000000000000000000000   000000000000000000000005002        170192964704     
0010001300208U 280000000000000000000000000000000000000000000000000000000000000000000000000000000000000000000000000000000000000000000000001304201700000000            000000000000000                              000                           
0010001300209T 280180230000002544776 29647040929103680   7               14032017000000000008000001000000                         0900000000000000000000000000000000000000000000000000000   000000000000000000000005002        170192964704     
0010001300210U 280000000000000000000000000000000000000000000000000000000000000000000000000000000000000000000000000000000000000000000000001304201700000000            000000000000000                              000                           
0010001300211T 280180230000002544776 29647040951722883   7               14032017000000000006000001000000                         0900000000000000000000000000000000000000000000000000000   000000000000000000000005002        170192964704     
0010001300212U 280000000000000000000000000000000000000000000000000000000000000000000000000000000000000000000000000000000000000000000000001304201700000000            000000000000000                              000                           
0010001300213T 280180230000002544776 29647040957511984   7               14032017000000000006000001000000                         0900000000000000000000000000000000000000000000000000000   000000000000000000000005002        170192964704     
0010001300214U 280000000000000000000000000000000000000000000000000000000000000000000000000000000000000000000000000000000000000000000000001304201700000000            000000000000000                              000                           
0010001300215T 280180230000002544776 29647040967317867   7               14032017000000000006000001000000                         0900000000000000000000000000000000000000000000000000000   000000000000000000000005002        170192964704     
0010001300216U 280000000000000000000000000000000000000000000000000000000000000000000000000000000000000000000000000000000000000000000000001304201700000000            000000000000000                              000                           
0010001300217T 280180230000002544776 29647040967336888   7               14032017000000000006000001000000                         0900000000000000000000000000000000000000000000000000000   000000000000000000000005002        170192964704     
0010001300218U 280000000000000000000000000000000000000000000000000000000000000000000000000000000000000000000000000000000000000000000000001304201700000000            000000000000000                              000                           
0010001300219T 280180230000002544776 29647040980628952   7               14032017000000000006000001000000                         0900000000000000000000000000000000000000000000000000000   000000000000000000000005002        170192964704     
0010001300220U 280000000000000000000000000000000000000000000000000000000000000000000000000000000000000000000000000000000000000000000000001304201700000000            000000000000000                              000                           
0010001300221T 280180230000002544776 29647040993418924   7               14032017000000000006000001000000                         0900000000000000000000000000000000000000000000000000000   000000000000000000000005002        170192964704     
0010001300222U 280000000000000000000000000000000000000000000000000000000000000000000000000000000000000000000000000000000000000000000000001304201700000000            000000000000000                              000                           
0010001300223T 280180230000002544776 29647041002331182   7               14032017000000000006000001000000                         0900000000000000000000000000000000000000000000000000000   000000000000000000000005002        170192964704     
0010001300224U 280000000000000000000000000000000000000000000000000000000000000000000000000000000000000000000000000000000000000000000000001304201700000000            000000000000000                              000                           
0010001300225T 280180230000002544776 29647041006627344   7               14032017000000000006000001000000                         0900000000000000000000000000000000000000000000000000000   000000000000000000000005002        170192964704     
0010001300226U 280000000000000000000000000000000000000000000000000000000000000000000000000000000000000000000000000000000000000000000000001304201700000000            000000000000000                              000                           
0010001300227T 280180230000002544776 29647041028816961   7               14032017000000000006000001000000                         0900000000000000000000000000000000000000000000000000000   000000000000000000000005002        170192964704     
0010001300228U 280000000000000000000000000000000000000000000000000000000000000000000000000000000000000000000000000000000000000000000000001304201700000000            000000000000000                              000                           
0010001300229T 280180230000002544776 29647041090913139   7               14032017000000000006000001000000                         0900000000000000000000000000000000000000000000000000000   000000000000000000000005002        170192964704     
0010001300230U 280000000000000000000000000000000000000000000000000000000000000000000000000000000000000000000000000000000000000000000000001304201700000000            000000000000000                              000                           
0010001300231T 280180230000002544776 29647041108204509   7               14032017000000000006000001000000                         0900000000000000000000000000000000000000000000000000000   000000000000000000000005002        170192964704     
0010001300232U 280000000000000000000000000000000000000000000000000000000000000000000000000000000000000000000000000000000000000000000000001304201700000000            000000000000000                              000                           
0010001300233T 280180230000002544776 29647041149839560   7               14032017000000000006000001000000                         0900000000000000000000000000000000000000000000000000000   000000000000000000000005002        170192964704     
0010001300234U 280000000000000000000000000000000000000000000000000000000000000000000000000000000000000000000000000000000000000000000000001304201700000000            000000000000000                              000                           
0010001300235T 280180230000002544776 29647041150323271   7               14032017000000000006000001000000                         0900000000000000000000000000000000000000000000000000000   000000000000000000000005002        170192964704     
0010001300236U 280000000000000000000000000000000000000000000000000000000000000000000000000000000000000000000000000000000000000000000000001304201700000000            000000000000000                              000                           
0010001300237T 280180230000002544776 29647041180853263   7               14032017000000000006000001000000                         0900000000000000000000000000000000000000000000000000000   000000000000000000000005002        170192964704     
0010001300238U 280000000000000000000000000000000000000000000000000000000000000000000000000000000000000000000000000000000000000000000000001304201700000000            000000000000000                              000                           
0010001300239T 280180230000002544776 29647041199106731   7               14032017000000000006000001000000                         0900000000000000000000000000000000000000000000000000000   000000000000000000000005002        170192964704     
0010001300240U 280000000000000000000000000000000000000000000000000000000000000000000000000000000000000000000000000000000000000000000000001304201700000000            000000000000000                              000                           
0010001300241T 280180230000002544776 29647041209835646   7               14032017000000000006000001000000                         0900000000000000000000000000000000000000000000000000000   000000000000000000000005002        170192964704     
0010001300242U 280000000000000000000000000000000000000000000000000000000000000000000000000000000000000000000000000000000000000000000000001304201700000000            000000000000000                              000                           
0010001300243T 280180230000002544776 29647041210331223   7               14032017000000000006000001000000                         0900000000000000000000000000000000000000000000000000000   000000000000000000000005002        170192964704     
0010001300244U 280000000000000000000000000000000000000000000000000000000000000000000000000000000000000000000000000000000000000000000000001304201700000000            000000000000000                              000                           
0010001300245T 280180230000002544776 29647041210455124   7               14032017000000000006000001000000                         0900000000000000000000000000000000000000000000000000000   000000000000000000000005002        170192964704     
0010001300246U 280000000000000000000000000000000000000000000000000000000000000000000000000000000000000000000000000000000000000000000000001304201700000000            000000000000000                              000                           
0010001300247T 280180230000002544776 29647041210523740   7               14032017000000000006000001000000                         0900000000000000000000000000000000000000000000000000000   000000000000000000000005002        170192964704     
0010001300248U 280000000000000000000000000000000000000000000000000000000000000000000000000000000000000000000000000000000000000000000000001304201700000000            000000000000000                              000                           
0010001300249T 280180230000002544776 29647041210925953   7               14032017000000000006000001000000                         0900000000000000000000000000000000000000000000000000000   000000000000000000000005002        170192964704     
0010001300250U 280000000000000000000000000000000000000000000000000000000000000000000000000000000000000000000000000000000000000000000000001304201700000000            000000000000000                              000                           
0010001300251T 280180230000002544776 29647041211054122   7               14032017000000000006000001000000                         0900000000000000000000000000000000000000000000000000000   000000000000000000000005002        170192964704     
0010001300252U 280000000000000000000000000000000000000000000000000000000000000000000000000000000000000000000000000000000000000000000000001304201700000000            000000000000000                              000                           
0010001300253T 280180230000002544776 29647041211107529   7               14032017000000000006000001000000                         0900000000000000000000000000000000000000000000000000000   000000000000000000000005002        170192964704     
0010001300254U 280000000000000000000000000000000000000000000000000000000000000000000000000000000000000000000000000000000000000000000000001304201700000000            000000000000000                              000                           
0010001300255T 280180230000002544776 29647041211216577   7               14032017000000000008000001000000                         0900000000000000000000000000000000000000000000000000000   000000000000000000000005002        170192964704     
0010001300256U 280000000000000000000000000000000000000000000000000000000000000000000000000000000000000000000000000000000000000000000000001304201700000000            000000000000000                              000                           
0010001300257T 280180230000002544776 29647041211259787   7               14032017000000000008000001000000                         0900000000000000000000000000000000000000000000000000000   000000000000000000000005002        170192964704     
0010001300258U 280000000000000000000000000000000000000000000000000000000000000000000000000000000000000000000000000000000000000000000000001304201700000000            000000000000000                              000                           
0010001300259T 280180230000002544776 29647041211335406   7               14032017000000000008000001000000                         0900000000000000000000000000000000000000000000000000000   000000000000000000000005002        170192964704     
0010001300260U 280000000000000000000000000000000000000000000000000000000000000000000000000000000000000000000000000000000000000000000000001304201700000000            000000000000000                              000                           
0010001300261T 280180230000002544776 29647041211421375   7               14032017000000000006000001000000                         0900000000000000000000000000000000000000000000000000000   000000000000000000000005002        170192964704     
0010001300262U 280000000000000000000000000000000000000000000000000000000000000000000000000000000000000000000000000000000000000000000000001304201700000000            000000000000000                              000                           
0010001300263T 280180230000002544776 29647041211546182   7               14032017000000000006000001000000                         0900000000000000000000000000000000000000000000000000000   000000000000000000000005002        170192964704     
0010001300264U 280000000000000000000000000000000000000000000000000000000000000000000000000000000000000000000000000000000000000000000000001304201700000000            000000000000000                              000                           
0010001300265T 280180230000002544776 29647041211701501   7               14032017000000000006000001000000                         0900000000000000000000000000000000000000000000000000000   000000000000000000000005002        170192964704     
0010001300266U 280000000000000000000000000000000000000000000000000000000000000000000000000000000000000000000000000000000000000000000000001304201700000000            000000000000000                              000                           
0010001300267T 280180230000002544776 29647041211854074   7               14032017000000000006000001000000                         0900000000000000000000000000000000000000000000000000000   000000000000000000000005002        170192964704     
0010001300268U 280000000000000000000000000000000000000000000000000000000000000000000000000000000000000000000000000000000000000000000000001304201700000000            000000000000000                              000                           
0010001300269T 280180230000002544776 29647041212152072   7               14032017000000000006000001000000                         0900000000000000000000000000000000000000000000000000000   000000000000000000000005002        170192964704     
0010001300270U 280000000000000000000000000000000000000000000000000000000000000000000000000000000000000000000000000000000000000000000000001304201700000000            000000000000000                              000                           
0010001300271T 280180230000002544776 29647041212232334   7               14032017000000000006000001000000                         0900000000000000000000000000000000000000000000000000000   000000000000000000000005002        170192964704     
0010001300272U 280000000000000000000000000000000000000000000000000000000000000000000000000000000000000000000000000000000000000000000000001304201700000000            000000000000000                              000                           
0010001300273T 280180230000002544776 29647041212529297   7               14032017000000000008000001000000                         0900000000000000000000000000000000000000000000000000000   000000000000000000000005002        170192964704     
0010001300274U 280000000000000000000000000000000000000000000000000000000000000000000000000000000000000000000000000000000000000000000000001304201700000000            000000000000000                              000                           
0010001300275T 280180230000002544776 29647041212616917   7               14032017000000000006000001000000                         0900000000000000000000000000000000000000000000000000000   000000000000000000000005002        170192964704     
0010001300276U 280000000000000000000000000000000000000000000000000000000000000000000000000000000000000000000000000000000000000000000000001304201700000000            000000000000000                              000                           
0010001300277T 280180230000002544776 29647041212618186   7               14032017000000000006000001000000                         0900000000000000000000000000000000000000000000000000000   000000000000000000000005002        170192964704     
0010001300278U 280000000000000000000000000000000000000000000000000000000000000000000000000000000000000000000000000000000000000000000000001304201700000000            000000000000000                              000                           
0010001300279T 280180230000002544776 29647041212622819   7               14032017000000000006000001000000                         0900000000000000000000000000000000000000000000000000000   000000000000000000000005002        170192964704     
0010001300280U 280000000000000000000000000000000000000000000000000000000000000000000000000000000000000000000000000000000000000000000000001304201700000000            000000000000000                              000                           
0010001300281T 280180230000002544776 29647041212626524   7               14032017000000000006000001000000                         0900000000000000000000000000000000000000000000000000000   000000000000000000000005002        170192964704     
0010001300282U 280000000000000000000000000000000000000000000000000000000000000000000000000000000000000000000000000000000000000000000000001304201700000000            000000000000000                              000                           
0010001300283T 280180230000002544776 29647041212738655   7               14032017000000000006000001000000                         0900000000000000000000000000000000000000000000000000000   000000000000000000000005002        170192964704     
0010001300284U 280000000000000000000000000000000000000000000000000000000000000000000000000000000000000000000000000000000000000000000000001304201700000000            000000000000000                              000                           
0010001300285T 280180230000002544776 29647041212807350   7               14032017000000000006000001000000                         0900000000000000000000000000000000000000000000000000000   000000000000000000000005002        170192964704     
0010001300286U 280000000000000000000000000000000000000000000000000000000000000000000000000000000000000000000000000000000000000000000000001304201700000000            000000000000000                              000                           
0010001300287T 280180230000002544776 29647041212909792   7               14032017000000000006000001000000                         0900000000000000000000000000000000000000000000000000000   000000000000000000000005002        170192964704     
0010001300288U 280000000000000000000000000000000000000000000000000000000000000000000000000000000000000000000000000000000000000000000000001304201700000000            000000000000000                              000                           
0010001300289T 280180230000002544776 29647041213322581   7               14032017000000000006000001000000                         0900000000000000000000000000000000000000000000000000000   000000000000000000000005002        170192964704     
0010001300290U 280000000000000000000000000000000000000000000000000000000000000000000000000000000000000000000000000000000000000000000000001304201700000000            000000000000000                              000                           
0010001300291T 280180230000002544776 29647041213404260   7               14032017000000000006000001000000                         0900000000000000000000000000000000000000000000000000000   000000000000000000000005002        170192964704     
0010001300292U 280000000000000000000000000000000000000000000000000000000000000000000000000000000000000000000000000000000000000000000000001304201700000000            000000000000000                              000                           
0010001300293T 280180230000002544776 29647041213517171   7               14032017000000000006000001000000                         0900000000000000000000000000000000000000000000000000000   000000000000000000000005002        170192964704     
0010001300294U 280000000000000000000000000000000000000000000000000000000000000000000000000000000000000000000000000000000000000000000000001304201700000000            000000000000000                              000                           
0010001300295T 280180230000002544776 29647041213538531   7               14032017000000000006000001000000                         0900000000000000000000000000000000000000000000000000000   000000000000000000000005002        170192964704     
0010001300296U 280000000000000000000000000000000000000000000000000000000000000000000000000000000000000000000000000000000000000000000000001304201700000000            000000000000000                              000                           
0010001300297T 280180230000002544776 29647041213558698   7               14032017000000000006000001000000                         0900000000000000000000000000000000000000000000000000000   000000000000000000000005002        170192964704     
0010001300298U 280000000000000000000000000000000000000000000000000000000000000000000000000000000000000000000000000000000000000000000000001304201700000000            000000000000000                              000                           
0010001300299T 280180230000002544776 29647041213612426   7               14032017000000000006000001000000                         0900000000000000000000000000000000000000000000000000000   000000000000000000000005002        170192964704     
0010001300300U 280000000000000000000000000000000000000000000000000000000000000000000000000000000000000000000000000000000000000000000000001304201700000000            000000000000000                              000                           
0010001300301T 280180230000002544776 29647041213722203   7               14032017000000000006000001000000                         0900000000000000000000000000000000000000000000000000000   000000000000000000000005002        170192964704     
0010001300302U 280000000000000000000000000000000000000000000000000000000000000000000000000000000000000000000000000000000000000000000000001304201700000000            000000000000000                              000                           
0010001300303T 280180230000002544776 29647041214040777   7               14032017000000000006000001000000                         0900000000000000000000000000000000000000000000000000000   000000000000000000000005002        170192964704     
0010001300304U 280000000000000000000000000000000000000000000000000000000000000000000000000000000000000000000000000000000000000000000000001304201700000000            000000000000000                              000                           
0010001300305T 280180230000002544776 29647041214151865   7               14032017000000000006000001000000                         0900000000000000000000000000000000000000000000000000000   000000000000000000000005002        170192964704     
0010001300306U 280000000000000000000000000000000000000000000000000000000000000000000000000000000000000000000000000000000000000000000000001304201700000000            000000000000000                              000                           
0010001300307T 280180230000002544776 29647041214537596   7               14032017000000000006000001000000                         0900000000000000000000000000000000000000000000000000000   000000000000000000000005002        170192964704     
0010001300308U 280000000000000000000000000000000000000000000000000000000000000000000000000000000000000000000000000000000000000000000000001304201700000000            000000000000000                              000                           
0010001300309T 280180230000002544776 29647041214951734   7               14032017000000000008000001000000                         0900000000000000000000000000000000000000000000000000000   000000000000000000000005002        170192964704     
0010001300310U 280000000000000000000000000000000000000000000000000000000000000000000000000000000000000000000000000000000000000000000000001304201700000000            000000000000000                              000                           
0010001300311T 280180230000002544776 29647041215019272   7               14032017000000000006000001000000                         0900000000000000000000000000000000000000000000000000000   000000000000000000000005002        170192964704     
0010001300312U 280000000000000000000000000000000000000000000000000000000000000000000000000000000000000000000000000000000000000000000000001304201700000000            000000000000000                              000                           
0010001300313T 280180230000002544776 29647041215211345   7               14032017000000000006000001000000                         0900000000000000000000000000000000000000000000000000000   000000000000000000000005002        170192964704     
0010001300314U 280000000000000000000000000000000000000000000000000000000000000000000000000000000000000000000000000000000000000000000000001304201700000000            000000000000000                              000                           
0010001300315T 280180230000002544776 29647041215319332   7               14032017000000000006000001000000                         0900000000000000000000000000000000000000000000000000000   000000000000000000000005002        170192964704     
0010001300316U 280000000000000000000000000000000000000000000000000000000000000000000000000000000000000000000000000000000000000000000000001304201700000000            000000000000000                              000                           
0010001300317T 280180230000002544776 29647041215547488   7               14032017000000000008000001000000                         0900000000000000000000000000000000000000000000000000000   000000000000000000000005002        170192964704     
0010001300318U 280000000000000000000000000000000000000000000000000000000000000000000000000000000000000000000000000000000000000000000000001304201700000000            000000000000000                              000                           
0010001300319T 280180230000002544776 29647041215848278   7               14032017000000000006000001000000                         0900000000000000000000000000000000000000000000000000000   000000000000000000000005002        170192964704     
0010001300320U 280000000000000000000000000000000000000000000000000000000000000000000000000000000000000000000000000000000000000000000000001304201700000000            000000000000000                              000                           
0010001300321T 280180230000002544776 29647041216014819   7               14032017000000000006000001000000                         0900000000000000000000000000000000000000000000000000000   000000000000000000000005002        170192964704     
0010001300322U 280000000000000000000000000000000000000000000000000000000000000000000000000000000000000000000000000000000000000000000000001304201700000000            000000000000000                              000                           
0010001300323T 280180230000002544776 29647041216150146   7               14032017000000000006000001000000                         0900000000000000000000000000000000000000000000000000000   000000000000000000000005002        170192964704     
0010001300324U 280000000000000000000000000000000000000000000000000000000000000000000000000000000000000000000000000000000000000000000000001304201700000000            000000000000000                              000                           
0010001300325T 280180230000002544776 29647041216256821   7               14032017000000000006000001000000                         0900000000000000000000000000000000000000000000000000000   000000000000000000000005002        170192964704     
0010001300326U 280000000000000000000000000000000000000000000000000000000000000000000000000000000000000000000000000000000000000000000000001304201700000000            000000000000000                              000                           
0010001300327T 280180230000002544776 29647041216300837   7               14032017000000000006000001000000                         0900000000000000000000000000000000000000000000000000000   000000000000000000000005002        170192964704     
0010001300328U 280000000000000000000000000000000000000000000000000000000000000000000000000000000000000000000000000000000000000000000000001304201700000000            000000000000000                              000                           
0010001300329T 280180230000002544776 29647041216424308   7               14032017000000000006000001000000                         0900000000000000000000000000000000000000000000000000000   000000000000000000000005002        170192964704     
0010001300330U 280000000000000000000000000000000000000000000000000000000000000000000000000000000000000000000000000000000000000000000000001304201700000000            000000000000000                              000                           
0010001300331T 280180230000002544776 29647041216439230   7               14032017000000000006000001000000                         0900000000000000000000000000000000000000000000000000000   000000000000000000000005002        170192964704     
0010001300332U 280000000000000000000000000000000000000000000000000000000000000000000000000000000000000000000000000000000000000000000000001304201700000000            000000000000000                              000                           
0010001300333T 280180230000002544776 29647041216538893   7               14032017000000000006000001000000                         0900000000000000000000000000000000000000000000000000000   000000000000000000000005002        170192964704     
0010001300334U 280000000000000000000000000000000000000000000000000000000000000000000000000000000000000000000000000000000000000000000000001304201700000000            000000000000000                              000                           
0010001300335T 280180230000002544776 29647041216611984   7               14032017000000000006000001000000                         0900000000000000000000000000000000000000000000000000000   000000000000000000000005002        170192964704     
0010001300336U 280000000000000000000000000000000000000000000000000000000000000000000000000000000000000000000000000000000000000000000000001304201700000000            000000000000000                              000                           
0010001300337T 280180230000002544776 29647041216710486   7               14032017000000000006000001000000                         0900000000000000000000000000000000000000000000000000000   000000000000000000000005002        170192964704     
0010001300338U 280000000000000000000000000000000000000000000000000000000000000000000000000000000000000000000000000000000000000000000000001304201700000000            000000000000000                              000                           
0010001300339T 280180230000002544776 29647041216711434   7               14032017000000000006000001000000                         0900000000000000000000000000000000000000000000000000000   000000000000000000000005002        170192964704     
0010001300340U 280000000000000000000000000000000000000000000000000000000000000000000000000000000000000000000000000000000000000000000000001304201700000000            000000000000000                              000                           
0010001300341T 280180230000002544776 29647041216713102   7               14032017000000000006000001000000                         0900000000000000000000000000000000000000000000000000000   000000000000000000000005002        170192964704     
0010001300342U 280000000000000000000000000000000000000000000000000000000000000000000000000000000000000000000000000000000000000000000000001304201700000000            000000000000000                              000                           
0010001300343T 280180230000002544776 29647041217436441   7               14032017000000000008000001000000                         0900000000000000000000000000000000000000000000000000000   000000000000000000000005002        170192964704     
0010001300344U 280000000000000000000000000000000000000000000000000000000000000000000000000000000000000000000000000000000000000000000000001304201700000000            000000000000000                              000                           
0010001300345T 280180230000002544776 29647041217737200   7               14032017000000000006000001000000                         0900000000000000000000000000000000000000000000000000000   000000000000000000000005002        170192964704     
0010001300346U 280000000000000000000000000000000000000000000000000000000000000000000000000000000000000000000000000000000000000000000000001304201700000000            000000000000000                              000                           
0010001300347T 280180230000002544776 29647041217851487   7               14032017000000000006000001000000                         0900000000000000000000000000000000000000000000000000000   000000000000000000000005002        170192964704     
0010001300348U 280000000000000000000000000000000000000000000000000000000000000000000000000000000000000000000000000000000000000000000000001304201700000000            000000000000000                              000                           
0010001300349T 280180230000002544776 29647041218016031   7               14032017000000000006000001000000                         0900000000000000000000000000000000000000000000000000000   000000000000000000000005002        170192964704     
0010001300350U 280000000000000000000000000000000000000000000000000000000000000000000000000000000000000000000000000000000000000000000000001304201700000000            000000000000000                              000                           
0010001300351T 280180230000002544776 29647041218358828   7               14032017000000000008000001000000                         0900000000000000000000000000000000000000000000000000000   000000000000000000000005002        170192964704     
0010001300352U 280000000000000000000000000000000000000000000000000000000000000000000000000000000000000000000000000000000000000000000000001304201700000000            000000000000000                              000                           
0010001300353T 280180230000002544776 29647041218512678   7               14032017000000000006000001000000                         0900000000000000000000000000000000000000000000000000000   000000000000000000000005002        170192964704     
0010001300354U 280000000000000000000000000000000000000000000000000000000000000000000000000000000000000000000000000000000000000000000000001304201700000000            000000000000000                              000                           
0010001300355T 280180230000002544776 29647041218650983   7               14032017000000000008000001000000                         0900000000000000000000000000000000000000000000000000000   000000000000000000000005002        170192964704     
0010001300356U 280000000000000000000000000000000000000000000000000000000000000000000000000000000000000000000000000000000000000000000000001304201700000000            000000000000000                              000                           
0010001300357T 280180230000002544776 29647041218930512   7               14032017000000000006000001000000                         0900000000000000000000000000000000000000000000000000000   000000000000000000000005002        170192964704     
0010001300358U 280000000000000000000000000000000000000000000000000000000000000000000000000000000000000000000000000000000000000000000000001304201700000000            000000000000000                              000                           
0010001300359T 280180230000002544776 29647041219457223   7               14032017000000000006000001000000                         0900000000000000000000000000000000000000000000000000000   000000000000000000000005002        170192964704     
0010001300360U 280000000000000000000000000000000000000000000000000000000000000000000000000000000000000000000000000000000000000000000000001304201700000000            000000000000000                              000                           
0010001300361T 280180230000002544776 29647041219543984   7               14032017000000000006000001000000                         0900000000000000000000000000000000000000000000000000000   000000000000000000000005002        170192964704     
0010001300362U 280000000000000000000000000000000000000000000000000000000000000000000000000000000000000000000000000000000000000000000000001304201700000000            000000000000000                              000                           
0010001300363T 280180230000002544776 29647041220117680   7               14032017000000000008000001000000                         0900000000000000000000000000000000000000000000000000000   000000000000000000000005002        170192964704     
0010001300364U 280000000000000000000000000000000000000000000000000000000000000000000000000000000000000000000000000000000000000000000000001304201700000000            000000000000000                              000                           
0010001300365T 280180230000002544776 29647041220403941   7               14032017000000000006000001000000                         0900000000000000000000000000000000000000000000000000000   000000000000000000000005002        170192964704     
0010001300366U 280000000000000000000000000000000000000000000000000000000000000000000000000000000000000000000000000000000000000000000000001304201700000000            000000000000000                              000                           
0010001300367T 280180230000002544776 29647041220532655   7               14032017000000000006000001000000                         0900000000000000000000000000000000000000000000000000000   000000000000000000000005002        170192964704     
0010001300368U 280000000000000000000000000000000000000000000000000000000000000000000000000000000000000000000000000000000000000000000000001304201700000000            000000000000000                              000                           
0010001300369T 280180230000002544776 29647041220617147   7               14032017000000000006000001000000                         0900000000000000000000000000000000000000000000000000000   000000000000000000000005002        170192964704     
0010001300370U 280000000000000000000000000000000000000000000000000000000000000000000000000000000000000000000000000000000000000000000000001304201700000000            000000000000000                              000                           
0010001300371T 280180230000002544776 29647041220637191   7               14032017000000000006000001000000                         0900000000000000000000000000000000000000000000000000000   000000000000000000000005002        170192964704     
0010001300372U 280000000000000000000000000000000000000000000000000000000000000000000000000000000000000000000000000000000000000000000000001304201700000000            000000000000000                              000                           
0010001300373T 280180230000002544776 29647041220837289   7               14032017000000000006000001000000                         0900000000000000000000000000000000000000000000000000000   000000000000000000000005002        170192964704     
0010001300374U 280000000000000000000000000000000000000000000000000000000000000000000000000000000000000000000000000000000000000000000000001304201700000000            000000000000000                              000                           
0010001300375T 280180230000002544776 29647041220842718   7               14032017000000000006000001000000                         0900000000000000000000000000000000000000000000000000000   000000000000000000000005002        170192964704     
0010001300376U 280000000000000000000000000000000000000000000000000000000000000000000000000000000000000000000000000000000000000000000000001304201700000000            000000000000000                              000                           
0010001300377T 280180230000002544776 29647041221050196   7               14032017000000000006000001000000                         0900000000000000000000000000000000000000000000000000000   000000000000000000000005002        170192964704     
0010001300378U 280000000000000000000000000000000000000000000000000000000000000000000000000000000000000000000000000000000000000000000000001304201700000000            000000000000000                              000                           
0010001300379T 280180230000002544776 29647041221104425   7               14032017000000000006000001000000                         0900000000000000000000000000000000000000000000000000000   000000000000000000000005002        170192964704     
0010001300380U 280000000000000000000000000000000000000000000000000000000000000000000000000000000000000000000000000000000000000000000000001304201700000000            000000000000000                              000                           
0010001300381T 280180230000002544776 29647041221209520   7               14032017000000000006000001000000                         0900000000000000000000000000000000000000000000000000000   000000000000000000000005002        170192964704     
0010001300382U 280000000000000000000000000000000000000000000000000000000000000000000000000000000000000000000000000000000000000000000000001304201700000000            000000000000000                              000                           
0010001300383T 280180230000002544776 29647041221258205   7               14032017000000000006000001000000                         0900000000000000000000000000000000000000000000000000000   000000000000000000000005002        170192964704     
0010001300384U 280000000000000000000000000000000000000000000000000000000000000000000000000000000000000000000000000000000000000000000000001304201700000000            000000000000000                              000                           
0010001300385T 280180230000002544776 29647041221353984   7               14032017000000000006000001000000                         0900000000000000000000000000000000000000000000000000000   000000000000000000000005002        170192964704     
0010001300386U 280000000000000000000000000000000000000000000000000000000000000000000000000000000000000000000000000000000000000000000000001304201700000000            000000000000000                              000                           
0010001300387T 280180230000002544776 29647041221501277   7               14032017000000000006000001000000                         0900000000000000000000000000000000000000000000000000000   000000000000000000000005002        170192964704     
0010001300388U 280000000000000000000000000000000000000000000000000000000000000000000000000000000000000000000000000000000000000000000000001304201700000000            000000000000000                              000                           
0010001300389T 280180230000002544776 29647041221636476   7               14032017000000000006000001000000                         0900000000000000000000000000000000000000000000000000000   000000000000000000000005002        170192964704     
0010001300390U 280000000000000000000000000000000000000000000000000000000000000000000000000000000000000000000000000000000000000000000000001304201700000000            000000000000000                              000                           
0010001300391T 280180230000002544776 29647041221703483   7               14032017000000000006000001000000                         0900000000000000000000000000000000000000000000000000000   000000000000000000000005002        170192964704     
0010001300392U 280000000000000000000000000000000000000000000000000000000000000000000000000000000000000000000000000000000000000000000000001304201700000000            000000000000000                              000                           
0010001300393T 280180230000002544776 29647041221818520   7               14032017000000000006000001000000                         0900000000000000000000000000000000000000000000000000000   000000000000000000000005002        170192964704     
0010001300394U 280000000000000000000000000000000000000000000000000000000000000000000000000000000000000000000000000000000000000000000000001304201700000000            000000000000000                              000                           
0010001300395T 280180230000002544776 29647041221948957   7               14032017000000000006000001000000                         0900000000000000000000000000000000000000000000000000000   000000000000000000000005002        170192964704     
0010001300396U 280000000000000000000000000000000000000000000000000000000000000000000000000000000000000000000000000000000000000000000000001304201700000000            000000000000000                              000                           
0010001300397T 280180230000002544776 29647041222110793   7               14032017000000000006000001000000                         0900000000000000000000000000000000000000000000000000000   000000000000000000000005002        170192964704     
0010001300398U 280000000000000000000000000000000000000000000000000000000000000000000000000000000000000000000000000000000000000000000000001304201700000000            000000000000000                              000                           
0010001300399T 280180230000002544776 29647041222159810   7               14032017000000000006000001000000                         0900000000000000000000000000000000000000000000000000000   000000000000000000000005002        170192964704     
0010001300400U 280000000000000000000000000000000000000000000000000000000000000000000000000000000000000000000000000000000000000000000000001304201700000000            000000000000000                              000                           
0010001300401T 280180230000002544776 29647041222241503   7               14032017000000000006000001000000                         0900000000000000000000000000000000000000000000000000000   000000000000000000000005002        170192964704     
0010001300402U 280000000000000000000000000000000000000000000000000000000000000000000000000000000000000000000000000000000000000000000000001304201700000000            000000000000000                              000                           
0010001300403T 280180230000002544776 29647041222327773   7               14032017000000000006000001000000                         0900000000000000000000000000000000000000000000000000000   000000000000000000000005002        170192964704     
0010001300404U 280000000000000000000000000000000000000000000000000000000000000000000000000000000000000000000000000000000000000000000000001304201700000000            000000000000000                              000                           
00100015         000406010885000000000687650000000000000000000000000000000000000000000000000000000000000000000000000000000000000000000000000000000                                                                                              
00199999         000001000408000000                                                                                                                                                            00000000000000000000000000000                    
