00100000         2247745860001000029577050014       0180230000001544772 INSTITUTO DE SELECAO E TECNOLOBANCO DO BRASIL                         22203201701223300014203000000515122941PROCESSAMEN                                                 
00100011T0100020 20247745860001000029577050014       0180230000001544772 INSTITUTO DE SELECAO E TECNOLO                                                                                000000002203201700000000  000000000                      
0010001300001T 020180230000001544772 29577050017428350   7               24032017000000000007500001009245                         0900000000000010000000000000000000000000000000000000000   0000000000000000000000000A9        170192957705     
0010001300002U 020000000000000000000000000000000000000000000000000000000000000000000000000000000000000000000000000000000000000000000000002203201700000000            000000000000000                              000                           
0010001300003T 020180230000001544772 29577050211909152   7               24032017000000000007500001012408                         0900000000000010000000000000000000000000000000000000000   0000000000000000000000000A9        170192957705     
0010001300004U 020000000000000000000000000000000000000000000000000000000000000000000000000000000000000000000000000000000000000000000000002203201700000000            000000000000000                              000                           
0010001300005T 020180230000001544772 29577050211933039   7               24032017000000000007500001012408                         0900000000000010000000000000000000000000000000000000000   0000000000000000000000000A9        170192957705     
0010001300006U 020000000000000000000000000000000000000000000000000000000000000000000000000000000000000000000000000000000000000000000000002203201700000000            000000000000000                              000                           
0010001300007T 020180230000001544772 29577050214905646   7               24032017000000000007500001000213                         0900000000000010000000000000000000000000000000000000000   0000000000000000000000000A9        170192957705     
0010001300008U 020000000000000000000000000000000000000000000000000000000000000000000000000000000000000000000000000000000000000000000000002203201700000000            000000000000000                              000                           
0010001300009T 020180230000001544772 29577051016638453   7               24032017000000000007500001000213                         0900000000000010000000000000000000000000000000000000000   0000000000000000000000000A9        170192957705     
0010001300010U 020000000000000000000000000000000000000000000000000000000000000000000000000000000000000000000000000000000000000000000000002203201700000000            000000000000000                              000                           
0010001300011T 020180230000001544772 29577051120138458   7               2403201700000000000750000103049X                         0900000000000010500000000000000000000000000000000000000   0000000000000000000000000A9A4      170192957705     
0010001300012U 020000000000000000000000000000000000000000000000000000000000000000000000000000000000000000000000000000000000000000000000002203201700000000            000000000000000                              000                           
0010001300013T 020180230000001544772 29577051157313595   7               24032017000000000007500001000213                         0900000000000010000000000000000000000000000000000000000   0000000000000000000000000A9        170192957705     
0010001300014U 020000000000000000000000000000000000000000000000000000000000000000000000000000000000000000000000000000000000000000000000002203201700000000            000000000000000                              000                           
0010001300015T 020180230000001544772 29577051239909561   7               24032017000000000007500001012408                         0900000000000010000000000000000000000000000000000000000   0000000000000000000000000A9        170192957705     
0010001300016U 020000000000000000000000000000000000000000000000000000000000000000000000000000000000000000000000000000000000000000000000002203201700000000            000000000000000                              000                           
0010001300017T 020180230000001544772 29577051239953260   7               24032017000000000007500001012408                         0900000000000010000000000000000000000000000000000000000   0000000000000000000000000A9        170192957705     
0010001300018U 020000000000000000000000000000000000000000000000000000000000000000000000000000000000000000000000000000000000000000000000002203201700000000            000000000000000                              000                           
0010001300019T 020180230000001544772 29577051366113646   7               24032017000000000007500001046280                         0900000000000010000000000000000000000000000000000000000   0000000000000000000000000A9        170192957705     
0010001300020U 020000000000000000000000000000000000000000000000000000000000000000000000000000000000000000000000000000000000000000000000002203201700000000            000000000000000                              000                           
0010001300021T 020180230000001544772 29577051398052767   7               24032017000000000007500001012416                         0900000000000010000000000000000000000000000000000000000   0000000000000000000000000A9        170192957705     
0010001300022U 020000000000000000000000000000000000000000000000000000000000000000000000000000000000000000000000000000000000000000000000002203201700000000            000000000000000                              000                           
0010001300023T 020180230000001544772 29577051399319556   7               24032017000000000007500001000213                         0900000000000010500000000000000000000000000000000000000   0000000000000000000000000A9A4      170192957705     
0010001300024U 020000000000000000000000000000000000000000000000000000000000000000000000000000000000000000000000000000000000000000000000002203201700000000            000000000000000                              000                           
0010001300025T 020180230000001544772 29577051399405506   7               24032017000000000007500001001597                         0900000000000010000000000000000000000000000000000000000   0000000000000000000000000A9        170192957705     
0010001300026U 020000000000000000000000000000000000000000000000000000000000000000000000000000000000000000000000000000000000000000000000002203201700000000            000000000000000                              000                           
0010001300027T 020180230000001544772 29577051399649807   7               24032017000000000007500001012416                         0900000000000010000000000000000000000000000000000000000   0000000000000000000000000A9        170192957705     
0010001300028U 020000000000000000000000000000000000000000000000000000000000000000000000000000000000000000000000000000000000000000000000002203201700000000            000000000000000                              000                           
0010001300029T 020180230000001544772 29577051401215120   7               2403201700000000000750000103049X                         0900000000000010000000000000000000000000000000000000000   0000000000000000000000000A9        170192957705     
0010001300030U 020000000000000000000000000000000000000000000000000000000000000000000000000000000000000000000000000000000000000000000000002203201700000000            000000000000000                              000                           
0010001300031T 020180230000001544772 29577051401438960   7               24032017000000000007500001000213                         0900000000000010000000000000000000000000000000000000000   0000000000000000000000000A9        170192957705     
0010001300032U 020000000000000000000000000000000000000000000000000000000000000000000000000000000000000000000000000000000000000000000000002203201700000000            000000000000000                              000                           
0010001300033T 020180230000001544772 29577051401515720   7               2403201700000000000750000103049X                         0900000000000010000000000000000000000000000000000000000   0000000000000000000000000A9        170192957705     
0010001300034U 020000000000000000000000000000000000000000000000000000000000000000000000000000000000000000000000000000000000000000000000002203201700000000            000000000000000                              000                           
0010001300035T 020180230000001544772 29577051402050986   7               24032017000000000010000001012416                         0900000000000010000000000000000000000000000000000000000   0000000000000000000000000A9        170192957705     
0010001300036U 020000000000000000000000000000000000000000000000000000000000000000000000000000000000000000000000000000000000000000000000002203201700000000            000000000000000                              000                           
0010001300037T 020180230000001544772 29577051404634861   7               2403201700000000000750000103049X                         0900000000000010000000000000000000000000000000000000000   0000000000000000000000000A9        170192957705     
0010001300038U 020000000000000000000000000000000000000000000000000000000000000000000000000000000000000000000000000000000000000000000000002203201700000000            000000000000000                              000                           
0010001300039T 020180230000001544772 29577051406257275   7               24032017000000000007500001012408                         0900000000000010000000000000000000000000000000000000000   0000000000000000000000000A9        170192957705     
0010001300040U 020000000000000000000000000000000000000000000000000000000000000000000000000000000000000000000000000000000000000000000000002203201700000000            000000000000000                              000                           
0010001300041T 020180230000001544772 29577051406301259   7               24032017000000000007500001000213                         0900000000000010000000000000000000000000000000000000000   0000000000000000000000000A9        170192957705     
0010001300042U 020000000000000000000000000000000000000000000000000000000000000000000000000000000000000000000000000000000000000000000000002203201700000000            000000000000000                              000                           
0010001300043T 020180230000001544772 29577051406325092   7               24032017000000000007500001000213                         0900000000000010000000000000000000000000000000000000000   0000000000000000000000000A9        170192957705     
0010001300044U 020000000000000000000000000000000000000000000000000000000000000000000000000000000000000000000000000000000000000000000000002203201700000000            000000000000000                              000                           
0010001300045T 020180230000001544772 29577051406325966   7               24032017000000000007500001000213                         0900000000000010000000000000000000000000000000000000000   0000000000000000000000000A9        170192957705     
0010001300046U 020000000000000000000000000000000000000000000000000000000000000000000000000000000000000000000000000000000000000000000000002203201700000000            000000000000000                              000                           
0010001300047T 020180230000001544772 29577051406351984   7               24032017000000000007500001000213                         0900000000000010000000000000000000000000000000000000000   0000000000000000000000000A9        170192957705     
0010001300048U 020000000000000000000000000000000000000000000000000000000000000000000000000000000000000000000000000000000000000000000000002203201700000000            000000000000000                              000                           
0010001300049T 020180230000001544772 29577051406602795   7               24032017000000000007500001000213                         0900000000000010000000000000000000000000000000000000000   0000000000000000000000000A9        170192957705     
0010001300050U 020000000000000000000000000000000000000000000000000000000000000000000000000000000000000000000000000000000000000000000000002203201700000000            000000000000000                              000                           
0010001300051T 020180230000001544772 29577051406829004   7               24032017000000000007500001000213                         0900000000000010000000000000000000000000000000000000000   0000000000000000000000000A9        170192957705     
0010001300052U 020000000000000000000000000000000000000000000000000000000000000000000000000000000000000000000000000000000000000000000000002203201700000000            000000000000000                              000                           
0010001300053T 020180230000001544772 29577051408503463   7               2403201700000000000750000103049X                         0900000000000010000000000000000000000000000000000000000   0000000000000000000000000A9        170192957705     
0010001300054U 020000000000000000000000000000000000000000000000000000000000000000000000000000000000000000000000000000000000000000000000002203201700000000            000000000000000                              000                           
0010001300055T 020180230000001544772 29577051408527384   7               2403201700000000000750000103049X                         0900000000000010000000000000000000000000000000000000000   0000000000000000000000000A9        170192957705     
0010001300056U 020000000000000000000000000000000000000000000000000000000000000000000000000000000000000000000000000000000000000000000000002203201700000000            000000000000000                              000                           
0010001300057T 020180230000001544772 29577051408532561   7               2403201700000000000750000103049X                         0900000000000010000000000000000000000000000000000000000   0000000000000000000000000A9        170192957705     
0010001300058U 020000000000000000000000000000000000000000000000000000000000000000000000000000000000000000000000000000000000000000000000002203201700000000            000000000000000                              000                           
0010001300059T 020180230000001544772 29577051408537180   7               2403201700000000000750000103049X                         0900000000000010000000000000000000000000000000000000000   0000000000000000000000000A9        170192957705     
0010001300060U 020000000000000000000000000000000000000000000000000000000000000000000000000000000000000000000000000000000000000000000000002203201700000000            000000000000000                              000                           
0010001300061T 020180230000001544772 29577051408544329   7               2403201700000000000750000103049X                         0900000000000010000000000000000000000000000000000000000   0000000000000000000000000A9        170192957705     
0010001300062U 020000000000000000000000000000000000000000000000000000000000000000000000000000000000000000000000000000000000000000000000002203201700000000            000000000000000                              000                           
0010001300063T 060180230000001544772 29577050224515961   7               22032017000000000010000756030070                         0900000000000010000000000000000000000000000000000000000   000000000000000000000029000        170192957705     
0010001300064U 060000000000000000000000000000000000000000000000000000000000000000000000100000000000000097100000000000000000000000000000002203201723032017            000000000000000                              000                           
0010001300065T 060180230000001544772 29577051120138458   7               24032017000000000007500001030848                         0900000000000010000000000000000000000000000000000000000   000000000000000000000029000        170192957705     
0010001300066U 060000000000000000000000000000000000000000000000000000000000000000000000075000000000000072100000000000000000000000000000002203201723032017            000000000000000                              000                           
0010001300067T 060180230000001544772 29577051157313595   7               24032017000000000007500001012408                         0900000000000010000000000000000000000000000000000000000   000000000000000000000029000        170192957705     
0010001300068U 060000000000000000000000000000000000000000000000000000000000000000000000075000000000000072100000000000000000000000000000002203201723032017            000000000000000                              000                           
0010001300069T 280180230000001544772 29577050019922549   7               20022017000000000007500001000000                         0900000000000000000000000000000000000000000000000000000   000000000000000000000005002        170192957705     
0010001300070U 280000000000000000000000000000000000000000000000000000000000000000000000000000000000000000000000000000000000000000000000002203201700000000            000000000000000                              000                           
0010001300071T 280180230000001544772 29577050019935322   7               20022017000000000007500001000000                         0900000000000000000000000000000000000000000000000000000   000000000000000000000005002        170192957705     
0010001300072U 280000000000000000000000000000000000000000000000000000000000000000000000000000000000000000000000000000000000000000000000002203201700000000            000000000000000                              000                           
0010001300073T 280180230000001544772 29577050104110062   7               20022017000000000007500001000000                         0900000000000000000000000000000000000000000000000000000   000000000000000000000005002        170192957705     
0010001300074U 280000000000000000000000000000000000000000000000000000000000000000000000000000000000000000000000000000000000000000000000002203201700000000            000000000000000                              000                           
0010001300075T 280180230000001544772 29577050189605293   7               20022017000000000007500001000000                         0900000000000000000000000000000000000000000000000000000   000000000000000000000005002        170192957705     
0010001300076U 280000000000000000000000000000000000000000000000000000000000000000000000000000000000000000000000000000000000000000000000002203201700000000            000000000000000                              000                           
0010001300077T 280180230000001544772 29577050189641654   7               20022017000000000007500001000000                         0900000000000000000000000000000000000000000000000000000   000000000000000000000005002        170192957705     
0010001300078U 280000000000000000000000000000000000000000000000000000000000000000000000000000000000000000000000000000000000000000000000002203201700000000            000000000000000                              000                           
0010001300079T 280180230000001544772 29577050191407099   7               20022017000000000007500001000000                         0900000000000000000000000000000000000000000000000000000   000000000000000000000005002        170192957705     
0010001300080U 280000000000000000000000000000000000000000000000000000000000000000000000000000000000000000000000000000000000000000000000002203201700000000            000000000000000                              000                           
0010001300081T 280180230000001544772 29577050243511057   7               20022017000000000007500001000000                         0900000000000000000000000000000000000000000000000000000   000000000000000000000005002        170192957705     
0010001300082U 280000000000000000000000000000000000000000000000000000000000000000000000000000000000000000000000000000000000000000000000002203201700000000            000000000000000                              000                           
0010001300083T 280180230000001544772 29577050325825198   7               20022017000000000007500001000000                         0900000000000000000000000000000000000000000000000000000   000000000000000000000005002        170192957705     
0010001300084U 280000000000000000000000000000000000000000000000000000000000000000000000000000000000000000000000000000000000000000000000002203201700000000            000000000000000                              000                           
0010001300085T 280180230000001544772 29577050404554203   7               20022017000000000007500001000000                         0900000000000000000000000000000000000000000000000000000   000000000000000000000005002        170192957705     
0010001300086U 280000000000000000000000000000000000000000000000000000000000000000000000000000000000000000000000000000000000000000000000002203201700000000            000000000000000                              000                           
0010001300087T 280180230000001544772 29577050405442121   7               20022017000000000007500001000000                         0900000000000000000000000000000000000000000000000000000   000000000000000000000005002        170192957705     
0010001300088U 280000000000000000000000000000000000000000000000000000000000000000000000000000000000000000000000000000000000000000000000002203201700000000            000000000000000                              000                           
0010001300089T 280180230000001544772 29577050407108378   7               20022017000000000007500001000000                         0900000000000000000000000000000000000000000000000000000   000000000000000000000005002        170192957705     
0010001300090U 280000000000000000000000000000000000000000000000000000000000000000000000000000000000000000000000000000000000000000000000002203201700000000            000000000000000                              000                           
0010001300091T 280180230000001544772 29577050425549766   7               20022017000000000007500001000000                         0900000000000000000000000000000000000000000000000000000   000000000000000000000005002        170192957705     
0010001300092U 280000000000000000000000000000000000000000000000000000000000000000000000000000000000000000000000000000000000000000000000002203201700000000            000000000000000                              000                           
0010001300093T 280180230000001544772 29577050458510149   7               20022017000000000010000001000000                         0900000000000000000000000000000000000000000000000000000   000000000000000000000005002        170192957705     
0010001300094U 280000000000000000000000000000000000000000000000000000000000000000000000000000000000000000000000000000000000000000000000002203201700000000            000000000000000                              000                           
0010001300095T 280180230000001544772 29577050497416812   7               20022017000000000007500001000000                         0900000000000000000000000000000000000000000000000000000   000000000000000000000005002        170192957705     
0010001300096U 280000000000000000000000000000000000000000000000000000000000000000000000000000000000000000000000000000000000000000000000002203201700000000            000000000000000                              000                           
0010001300097T 280180230000001544772 29577050510643945   7               20022017000000000007500001000000                         0900000000000000000000000000000000000000000000000000000   000000000000000000000005002        170192957705     
0010001300098U 280000000000000000000000000000000000000000000000000000000000000000000000000000000000000000000000000000000000000000000000002203201700000000            000000000000000                              000                           
0010001300099T 280180230000001544772 29577050662700759   7               20022017000000000007500001000000                         0900000000000000000000000000000000000000000000000000000   000000000000000000000005002        170192957705     
0010001300100U 280000000000000000000000000000000000000000000000000000000000000000000000000000000000000000000000000000000000000000000000002203201700000000            000000000000000                              000                           
0010001300101T 280180230000001544772 29577050663506815   7               20022017000000000007500001000000                         0900000000000000000000000000000000000000000000000000000   000000000000000000000005002        170192957705     
0010001300102U 280000000000000000000000000000000000000000000000000000000000000000000000000000000000000000000000000000000000000000000000002203201700000000            000000000000000                              000                           
0010001300103T 280180230000001544772 29577050769006665   7               20022017000000000007500001000000                         0900000000000000000000000000000000000000000000000000000   000000000000000000000005002        170192957705     
0010001300104U 280000000000000000000000000000000000000000000000000000000000000000000000000000000000000000000000000000000000000000000000002203201700000000            000000000000000                              000                           
0010001300105T 280180230000001544772 29577050769028261   7               20022017000000000007500001000000                         0900000000000000000000000000000000000000000000000000000   000000000000000000000005002        170192957705     
0010001300106U 280000000000000000000000000000000000000000000000000000000000000000000000000000000000000000000000000000000000000000000000002203201700000000            000000000000000                              000                           
0010001300107T 280180230000001544772 29577050770024512   7               20022017000000000007500001000000                         0900000000000000000000000000000000000000000000000000000   000000000000000000000005002        170192957705     
0010001300108U 280000000000000000000000000000000000000000000000000000000000000000000000000000000000000000000000000000000000000000000000002203201700000000            000000000000000                              000                           
0010001300109T 280180230000001544772 29577050771803199   7               20022017000000000007500001000000                         0900000000000000000000000000000000000000000000000000000   000000000000000000000005002        170192957705     
0010001300110U 280000000000000000000000000000000000000000000000000000000000000000000000000000000000000000000000000000000000000000000000002203201700000000            000000000000000                              000                           
0010001300111T 280180230000001544772 29577050772003480   7               20022017000000000007500001000000                         0900000000000000000000000000000000000000000000000000000   000000000000000000000005002        170192957705     
0010001300112U 280000000000000000000000000000000000000000000000000000000000000000000000000000000000000000000000000000000000000000000000002203201700000000            000000000000000                              000                           
0010001300113T 280180230000001544772 29577050772052549   7               20022017000000000007500001000000                         0900000000000000000000000000000000000000000000000000000   000000000000000000000005002        170192957705     
0010001300114U 280000000000000000000000000000000000000000000000000000000000000000000000000000000000000000000000000000000000000000000000002203201700000000            000000000000000                              000                           
0010001300115T 280180230000001544772 29577050773057134   7               20022017000000000007500001000000                         0900000000000000000000000000000000000000000000000000000   000000000000000000000005002        170192957705     
0010001300116U 280000000000000000000000000000000000000000000000000000000000000000000000000000000000000000000000000000000000000000000000002203201700000000            000000000000000                              000                           
0010001300117T 280180230000001544772 29577050775214890   7               20022017000000000007500001000000                         0900000000000000000000000000000000000000000000000000000   000000000000000000000005002        170192957705     
0010001300118U 280000000000000000000000000000000000000000000000000000000000000000000000000000000000000000000000000000000000000000000000002203201700000000            000000000000000                              000                           
0010001300119T 280180230000001544772 29577050775537561   7               20022017000000000007500001000000                         0900000000000000000000000000000000000000000000000000000   000000000000000000000005002        170192957705     
0010001300120U 280000000000000000000000000000000000000000000000000000000000000000000000000000000000000000000000000000000000000000000000002203201700000000            000000000000000                              000                           
0010001300121T 280180230000001544772 29577050777125121   7               20022017000000000007500001000000                         0900000000000000000000000000000000000000000000000000000   000000000000000000000005002        170192957705     
0010001300122U 280000000000000000000000000000000000000000000000000000000000000000000000000000000000000000000000000000000000000000000000002203201700000000            000000000000000                              000                           
0010001300123T 280180230000001544772 29577050777126664   7               20022017000000000007500001000000                         0900000000000000000000000000000000000000000000000000000   000000000000000000000005002        170192957705     
0010001300124U 280000000000000000000000000000000000000000000000000000000000000000000000000000000000000000000000000000000000000000000000002203201700000000            000000000000000                              000                           
0010001300125T 280180230000001544772 29577050778124802   7               20022017000000000007500001000000                         0900000000000000000000000000000000000000000000000000000   000000000000000000000005002        170192957705     
0010001300126U 280000000000000000000000000000000000000000000000000000000000000000000000000000000000000000000000000000000000000000000000002203201700000000            000000000000000                              000                           
0010001300127T 280180230000001544772 29577050778222689   7               20022017000000000007500001000000                         0900000000000000000000000000000000000000000000000000000   000000000000000000000005002        170192957705     
0010001300128U 280000000000000000000000000000000000000000000000000000000000000000000000000000000000000000000000000000000000000000000000002203201700000000            000000000000000                              000                           
0010001300129T 280180230000001544772 29577050780503386   7               20022017000000000007500001000000                         0900000000000000000000000000000000000000000000000000000   000000000000000000000005002        170192957705     
0010001300130U 280000000000000000000000000000000000000000000000000000000000000000000000000000000000000000000000000000000000000000000000002203201700000000            000000000000000                              000                           
0010001300131T 280180230000001544772 29577050780519307   7               20022017000000000007500001000000                         0900000000000000000000000000000000000000000000000000000   000000000000000000000005002        170192957705     
0010001300132U 280000000000000000000000000000000000000000000000000000000000000000000000000000000000000000000000000000000000000000000000002203201700000000            000000000000000                              000                           
0010001300133T 280180230000001544772 29577050780537048   7               20022017000000000007500001000000                         0900000000000000000000000000000000000000000000000000000   000000000000000000000005002        170192957705     
0010001300134U 280000000000000000000000000000000000000000000000000000000000000000000000000000000000000000000000000000000000000000000000002203201700000000            000000000000000                              000                           
00100015         000136005992000000000458550000000000000000000000000000000000000000000000000000000000000000000000000000000000000000000000000000000                                                                                              
00199999         000001000138000000                                                                                                                                                            00000000000000000000000000000                    
