00100000         2247745860001000029577050014       0180230000001544772 INSTITUTO DE SELECAO E TECNOLOBANCO DO BRASIL                         22303201701361300014403000000515122941PROCESSAMEN                                                 
00100011T0100020 20247745860001000029577050014       0180230000001544772 INSTITUTO DE SELECAO E TECNOLO                                                                                000000002303201700000000  000000000                      
0010001300001T 020180230000001544772 29577050091811305   7               25032017000000000007500001000051                         0900000000000010500000000000000000000000000000000000000   0000000000000000000000000A9A4      170192957705     
0010001300002U 020000000000000000000000000000000000000000000000000000000000000000000000000000000000000000000000000000000000000000000000002303201700000000            000000000000000                              000                           
0010001300003T 020180230000001544772 29577050171829727   7               25032017000000000007500001000213                         0900000000000010000000000000000000000000000000000000000   0000000000000000000000000A9        170192957705     
0010001300004U 020000000000000000000000000000000000000000000000000000000000000000000000000000000000000000000000000000000000000000000000002303201700000000            000000000000000                              000                           
0010001300005T 020180230000001544772 29577050341541298   7               2503201700000000000750000103049X                         0900000000000010000000000000000000000000000000000000000   0000000000000000000000000A9        170192957705     
0010001300006U 020000000000000000000000000000000000000000000000000000000000000000000000000000000000000000000000000000000000000000000000002303201700000000            000000000000000                              000                           
0010001300007T 020180230000001544772 29577050359908543   7               25032017000000000007500001012416                         0900000000000010000000000000000000000000000000000000000   0000000000000000000000000A9        170192957705     
0010001300008U 020000000000000000000000000000000000000000000000000000000000000000000000000000000000000000000000000000000000000000000000002303201700000000            000000000000000                              000                           
0010001300009T 020180230000001544772 29577050389810777   7               2503201700000000000750000103049X                         0900000000000010000000000000000000000000000000000000000   0000000000000000000000000A9        170192957705     
0010001300010U 020000000000000000000000000000000000000000000000000000000000000000000000000000000000000000000000000000000000000000000000002303201700000000            000000000000000                              000                           
0010001300011T 020180230000001544772 29577050389832036   7               2503201700000000000750000103049X                         0900000000000010000000000000000000000000000000000000000   0000000000000000000000000A9        170192957705     
0010001300012U 020000000000000000000000000000000000000000000000000000000000000000000000000000000000000000000000000000000000000000000000002303201700000000            000000000000000                              000                           
0010001300013T 020180230000001544772 29577051038533143   7               2503201700000000000750000100281X                         0900000000000010000000000000000000000000000000000000000   0000000000000000000000000A9        170192957705     
0010001300014U 020000000000000000000000000000000000000000000000000000000000000000000000000000000000000000000000000000000000000000000000002303201700000000            000000000000000                              000                           
0010001300015T 020180230000001544772 29577051073046705   7               25032017000000000007500001012408                         0900000000000010000000000000000000000000000000000000000   0000000000000000000000000A9        170192957705     
0010001300016U 020000000000000000000000000000000000000000000000000000000000000000000000000000000000000000000000000000000000000000000000002303201700000000            000000000000000                              000                           
0010001300017T 020180230000001544772 29577051112535579   7               2503201700000000000750000103049X                         0900000000000010500000000000000000000000000000000000000   0000000000000000000000000A9A4      170192957705     
0010001300018U 020000000000000000000000000000000000000000000000000000000000000000000000000000000000000000000000000000000000000000000000002303201700000000            000000000000000                              000                           
0010001300019T 020180230000001544772 29577051208605408   7               25032017000000000007500001012416                         0900000000000010000000000000000000000000000000000000000   0000000000000000000000000A9        170192957705     
0010001300020U 020000000000000000000000000000000000000000000000000000000000000000000000000000000000000000000000000000000000000000000000002303201700000000            000000000000000                              000                           
0010001300021T 020180230000001544772 29577051239055279   7               2503201700000000000750000103049X                         0900000000000010000000000000000000000000000000000000000   0000000000000000000000000A9        170192957705     
0010001300022U 020000000000000000000000000000000000000000000000000000000000000000000000000000000000000000000000000000000000000000000000002303201700000000            000000000000000                              000                           
0010001300023T 020180230000001544772 29577051306052806   7               25032017000000000007500001000213                         0900000000000010000000000000000000000000000000000000000   0000000000000000000000000A9        170192957705     
0010001300024U 020000000000000000000000000000000000000000000000000000000000000000000000000000000000000000000000000000000000000000000000002303201700000000            000000000000000                              000                           
0010001300025T 020180230000001544772 29577051382516200   7               25032017000000000007500001012416                         0900000000000010000000000000000000000000000000000000000   0000000000000000000000000A9        170192957705     
0010001300026U 020000000000000000000000000000000000000000000000000000000000000000000000000000000000000000000000000000000000000000000000002303201700000000            000000000000000                              000                           
0010001300027T 020180230000001544772 29577051414050648   7               2503201700000000000750000103049X                         0900000000000010000000000000000000000000000000000000000   0000000000000000000000000A9        170192957705     
0010001300028U 020000000000000000000000000000000000000000000000000000000000000000000000000000000000000000000000000000000000000000000000002303201700000000            000000000000000                              000                           
0010001300029T 020180230000001544772 29577051415000525   7               2503201700000000000750000103049X                         0900000000000010000000000000000000000000000000000000000   0000000000000000000000000A9        170192957705     
0010001300030U 020000000000000000000000000000000000000000000000000000000000000000000000000000000000000000000000000000000000000000000000002303201700000000            000000000000000                              000                           
0010001300031T 020180230000001544772 29577051415026727   7               2503201700000000000750000103049X                         0900000000000010000000000000000000000000000000000000000   0000000000000000000000000A9        170192957705     
0010001300032U 020000000000000000000000000000000000000000000000000000000000000000000000000000000000000000000000000000000000000000000000002303201700000000            000000000000000                              000                           
0010001300033T 020180230000001544772 29577051417555846   7               25032017000000000007500001005711                         0900000000000010000000000000000000000000000000000000000   0000000000000000000000000A9        170192957705     
0010001300034U 020000000000000000000000000000000000000000000000000000000000000000000000000000000000000000000000000000000000000000000000002303201700000000            000000000000000                              000                           
0010001300035T 020180230000001544772 29577051419055877   7               25032017000000000010000001000132                         0900000000000010000000000000000000000000000000000000000   0000000000000000000000000A9        170192957705     
0010001300036U 020000000000000000000000000000000000000000000000000000000000000000000000000000000000000000000000000000000000000000000000002303201700000000            000000000000000                              000                           
0010001300037T 020180230000001544772 29577051422852456   7               25032017000000000007500001012408                         0900000000000010000000000000000000000000000000000000000   0000000000000000000000000A9        170192957705     
0010001300038U 020000000000000000000000000000000000000000000000000000000000000000000000000000000000000000000000000000000000000000000000002303201700000000            000000000000000                              000                           
0010001300039T 020180230000001544772 29577051423517348   7               2503201700000000000750000103049X                         0900000000000010000000000000000000000000000000000000000   0000000000000000000000000A9        170192957705     
0010001300040U 020000000000000000000000000000000000000000000000000000000000000000000000000000000000000000000000000000000000000000000000002303201700000000            000000000000000                              000                           
0010001300041T 060180230000001544772 29577050389810777   7               25032017000000000007500033022880                         0900000000000010000000000000000000000000000000000000000   000000000000000000000029000        170192957705     
0010001300042U 060000000000000000000000000000000000000000000000000000000000000000000000075000000000000072100000000000000000000000000000002303201724032017            000000000000000                              000                           
0010001300043T 060180230000001544772 29577051073046705   7               25032017000000000007500001047260                         0900000000000010000000000000000000000000000000000000000   000000000000000000000029000        170192957705     
0010001300044U 060000000000000000000000000000000000000000000000000000000000000000000000075000000000000072100000000000000000000000000000002303201724032017            000000000000000                              000                           
0010001300045T 060180230000001544772 29577051381637488   7               23032017000000000007500001028339                         0900000000000010000000000000000000000000000000000000000   000000000000000000000029000        170192957705     
0010001300046U 060000000000000000000000000000000000000000000000000000000000000000000000075000000000000072100000000000000000000000000000002303201724032017            000000000000000                              000                           
0010001300047T 060180230000001544772 29577051401215120   7               24032017000000000007500021002050                         0900000000000010000000000000000000000000000000000000000   000000000000000000000029000        170192957705     
0010001300048U 060000000000000000000000000000000000000000000000000000000000000000000000075000000000000072100000000000000000000000000000002303201724032017            000000000000000                              000                           
0010001300049T 060180230000001544772 29577051401515720   7               24032017000000000007500021002050                         0900000000000010000000000000000000000000000000000000000   000000000000000000000029000        170192957705     
0010001300050U 060000000000000000000000000000000000000000000000000000000000000000000000075000000000000072100000000000000000000000000000002303201724032017            000000000000000                              000                           
0010001300051T 060180230000001544772 29577051406301259   7               24032017000000000007500104025030                         0900000000000010000000000000000000000000000000000000000   000000000000000000000029000        170192957705     
0010001300052U 060000000000000000000000000000000000000000000000000000000000000000000000075000000000000072100000000000000000000000000000002303201724032017            000000000000000                              000                           
0010001300053T 090180230000001544772 29577050004704390   747530          2312201600000000000750000100021347530                    0900000000000000000000000000000000000000000000000000000   000000000000000000000010009        170192957705     
0010001300054U 090000000000000000000000000000000000000000000000000000000000000000000000000000000000000000000000000000000000000000000000002303201700000000            000000000000000                              000                           
0010001300055T 090180230000001544772 29577050005203912   752874          2312201600000000000750000101240852874                    0900000000000000000000000000000000000000000000000000000   000000000000000000000010009        170192957705     
0010001300056U 090000000000000000000000000000000000000000000000000000000000000000000000000000000000000000000000000000000000000000000000002303201700000000            000000000000000                              000                           
0010001300057T 090180230000001544772 29577050005507170   755896          2312201600000000001000000100021355896                    0900000000000000000000000000000000000000000000000000000   000000000000000000000010009        170192957705     
0010001300058U 090000000000000000000000000000000000000000000000000000000000000000000000000000000000000000000000000000000000000000000000002303201700000000            000000000000000                              000                           
0010001300059T 090180230000001544772 29577050005812054   758297          2312201600000000000750000100021358297                    0900000000000000000000000000000000000000000000000000000   000000000000000000000010009        170192957705     
0010001300060U 090000000000000000000000000000000000000000000000000000000000000000000000000000000000000000000000000000000000000000000000002303201700000000            000000000000000                              000                           
0010001300061T 090180230000001544772 29577050005933015   759932          2312201600000000000750000100021359932                    0900000000000000000000000000000000000000000000000000000   000000000000000000000010009        170192957705     
0010001300062U 090000000000000000000000000000000000000000000000000000000000000000000000000000000000000000000000000000000000000000000000002303201700000000            000000000000000                              000                           
0010001300063T 090180230000001544772 29577050006040101   760596          2312201600000000000750000100021360596                    0900000000000000000000000000000000000000000000000000000   000000000000000000000010009        170192957705     
0010001300064U 090000000000000000000000000000000000000000000000000000000000000000000000000000000000000000000000000000000000000000000000002303201700000000            000000000000000                              000                           
0010001300065T 090180230000001544772 29577050006110070   761943          2312201600000000000750000100021361943                    0900000000000000000000000000000000000000000000000000000   000000000000000000000010009        170192957705     
0010001300066U 090000000000000000000000000000000000000000000000000000000000000000000000000000000000000000000000000000000000000000000000002303201700000000            000000000000000                              000                           
0010001300067T 090180230000001544772 29577050006200170   762368          2312201600000000000750000101241662368                    0900000000000000000000000000000000000000000000000000000   000000000000000000000010009        170192957705     
0010001300068U 090000000000000000000000000000000000000000000000000000000000000000000000000000000000000000000000000000000000000000000000002303201700000000            000000000000000                              000                           
0010001300069T 090180230000001544772 29577050006443723   764077          2312201600000000000750000100021364077                    0900000000000000000000000000000000000000000000000000000   000000000000000000000010009        170192957705     
0010001300070U 090000000000000000000000000000000000000000000000000000000000000000000000000000000000000000000000000000000000000000000000002303201700000000            000000000000000                              000                           
0010001300071T 090180230000001544772 29577050006606721   766976          2312201600000000000750000103049X66976                    0900000000000000000000000000000000000000000000000000000   000000000000000000000010009        170192957705     
0010001300072U 090000000000000000000000000000000000000000000000000000000000000000000000000000000000000000000000000000000000000000000000002303201700000000            000000000000000                              000                           
0010001300073T 090180230000001544772 29577050006612669   766962          2312201600000000000750000103049X66962                    0900000000000000000000000000000000000000000000000000000   000000000000000000000010009        170192957705     
0010001300074U 090000000000000000000000000000000000000000000000000000000000000000000000000000000000000000000000000000000000000000000000002303201700000000            000000000000000                              000                           
0010001300075T 090180230000001544772 29577050006836764   768839          2312201600000000000750000101241668839                    0900000000000000000000000000000000000000000000000000000   000000000000000000000010009        170192957705     
0010001300076U 090000000000000000000000000000000000000000000000000000000000000000000000000000000000000000000000000000000000000000000000002303201700000000            000000000000000                              000                           
0010001300077T 090180230000001544772 29577050007106714   771784          2312201600000000000750000101241671784                    0900000000000000000000000000000000000000000000000000000   000000000000000000000010009        170192957705     
0010001300078U 090000000000000000000000000000000000000000000000000000000000000000000000000000000000000000000000000000000000000000000000002303201700000000            000000000000000                              000                           
0010001300079T 090180230000001544772 29577050007226475   772916          2312201600000000000750000101241672916                    0900000000000000000000000000000000000000000000000000000   000000000000000000000010009        170192957705     
0010001300080U 090000000000000000000000000000000000000000000000000000000000000000000000000000000000000000000000000000000000000000000000002303201700000000            000000000000000                              000                           
0010001300081T 090180230000001544772 29577050007517555   775740          2312201600000000000750000101240875740                    0900000000000000000000000000000000000000000000000000000   000000000000000000000010009        170192957705     
0010001300082U 090000000000000000000000000000000000000000000000000000000000000000000000000000000000000000000000000000000000000000000000002303201700000000            000000000000000                              000                           
0010001300083T 090180230000001544772 29577050007647281   776716          2312201600000000000750000101241676716                    0900000000000000000000000000000000000000000000000000000   000000000000000000000010009        170192957705     
0010001300084U 090000000000000000000000000000000000000000000000000000000000000000000000000000000000000000000000000000000000000000000000002303201700000000            000000000000000                              000                           
0010001300085T 090180230000001544772 29577050007804527   778225          2312201600000000000750000101240878225                    0900000000000000000000000000000000000000000000000000000   000000000000000000000010009        170192957705     
0010001300086U 090000000000000000000000000000000000000000000000000000000000000000000000000000000000000000000000000000000000000000000000002303201700000000            000000000000000                              000                           
0010001300087T 090180230000001544772 29577050007814337   778189          2312201600000000000750000101240878189                    0900000000000000000000000000000000000000000000000000000   000000000000000000000010009        170192957705     
0010001300088U 090000000000000000000000000000000000000000000000000000000000000000000000000000000000000000000000000000000000000000000000002303201700000000            000000000000000                              000                           
0010001300089T 090180230000001544772 29577050007949528   779431          2312201600000000000750000101241679431                    0900000000000000000000000000000000000000000000000000000   000000000000000000000010009        170192957705     
0010001300090U 090000000000000000000000000000000000000000000000000000000000000000000000000000000000000000000000000000000000000000000000002303201700000000            000000000000000                              000                           
0010001300091T 090180230000001544772 29577050008434090   784342          2312201600000000000750000101241684342                    0900000000000000000000000000000000000000000000000000000   000000000000000000000010009        170192957705     
0010001300092U 090000000000000000000000000000000000000000000000000000000000000000000000000000000000000000000000000000000000000000000000002303201700000000            000000000000000                              000                           
0010001300093T 090180230000001544772 29577050008551414   785895          2312201600000000000750000101240885895                    0900000000000000000000000000000000000000000000000000000   000000000000000000000010009        170192957705     
0010001300094U 090000000000000000000000000000000000000000000000000000000000000000000000000000000000000000000000000000000000000000000000002303201700000000            000000000000000                              000                           
0010001300095T 090180230000001544772 29577050008718779   787368          2312201600000000000750000101241687368                    0900000000000000000000000000000000000000000000000000000   000000000000000000000010009        170192957705     
0010001300096U 090000000000000000000000000000000000000000000000000000000000000000000000000000000000000000000000000000000000000000000000002303201700000000            000000000000000                              000                           
0010001300097T 090180230000001544772 29577050008853855   788003          2312201600000000001000000100021388003                    0900000000000000000000000000000000000000000000000000000   000000000000000000000010009        170192957705     
0010001300098U 090000000000000000000000000000000000000000000000000000000000000000000000000000000000000000000000000000000000000000000000002303201700000000            000000000000000                              000                           
0010001300099T 090180230000001544772 29577050009209007   792476          2312201600000000000750000101240892476                    0900000000000000000000000000000000000000000000000000000   000000000000000000000010009        170192957705     
0010001300100U 090000000000000000000000000000000000000000000000000000000000000000000000000000000000000000000000000000000000000000000000002303201700000000            000000000000000                              000                           
0010001300101T 090180230000001544772 29577050009556045   795458          2312201600000000001000000100021395458                    0900000000000000000000000000000000000000000000000000000   000000000000000000000010009        170192957705     
0010001300102U 090000000000000000000000000000000000000000000000000000000000000000000000000000000000000000000000000000000000000000000000002303201700000000            000000000000000                              000                           
0010001300103T 090180230000001544772 29577050009623527   796844          2312201600000000000750000103049X96844                    0900000000000000000000000000000000000000000000000000000   000000000000000000000010009        170192957705     
0010001300104U 090000000000000000000000000000000000000000000000000000000000000000000000000000000000000000000000000000000000000000000000002303201700000000            000000000000000                              000                           
0010001300105T 090180230000001544772 29577050009806932   798040          2312201600000000000750000100021398040                    0900000000000000000000000000000000000000000000000000000   000000000000000000000010009        170192957705     
0010001300106U 090000000000000000000000000000000000000000000000000000000000000000000000000000000000000000000000000000000000000000000000002303201700000000            000000000000000                              000                           
0010001300107T 090180230000001544772 29577050010000013   7100804         23122016000000000007500001000213100804                   0900000000000000000000000000000000000000000000000000000   000000000000000000000010009        170192957705     
0010001300108U 090000000000000000000000000000000000000000000000000000000000000000000000000000000000000000000000000000000000000000000000002303201700000000            000000000000000                              000                           
0010001300109T 090180230000001544772 29577050010148630   7101990         23122016000000000007500001012408101990                   0900000000000000000000000000000000000000000000000000000   000000000000000000000010009        170192957705     
0010001300110U 090000000000000000000000000000000000000000000000000000000000000000000000000000000000000000000000000000000000000000000000002303201700000000            000000000000000                              000                           
0010001300111T 090180230000001544772 29577050010529407   7105730         23122016000000000007500001012416105730                   0900000000000000000000000000000000000000000000000000000   000000000000000000000010009        170192957705     
0010001300112U 090000000000000000000000000000000000000000000000000000000000000000000000000000000000000000000000000000000000000000000000002303201700000000            000000000000000                              000                           
0010001300113T 090180230000001544772 29577050010920739   7109937         23122016000000000010000001012408109937                   0900000000000000000000000000000000000000000000000000000   000000000000000000000010009        170192957705     
0010001300114U 090000000000000000000000000000000000000000000000000000000000000000000000000000000000000000000000000000000000000000000000002303201700000000            000000000000000                              000                           
0010001300115T 090180230000001544772 29577050011332543   7113870         23122016000000000007500001012408113870                   0900000000000000000000000000000000000000000000000000000   000000000000000000000010009        170192957705     
0010001300116U 090000000000000000000000000000000000000000000000000000000000000000000000000000000000000000000000000000000000000000000000002303201700000000            000000000000000                              000                           
0010001300117T 090180230000001544772 29577050011356873   7113617         23122016000000000007500001012408113617                   0900000000000000000000000000000000000000000000000000000   000000000000000000000010009        170192957705     
0010001300118U 090000000000000000000000000000000000000000000000000000000000000000000000000000000000000000000000000000000000000000000000002303201700000000            000000000000000                              000                           
0010001300119T 090180230000001544772 29577050012014735   7120709         23122016000000000007500001012416120709                   0900000000000000000000000000000000000000000000000000000   000000000000000000000010009        170192957705     
0010001300120U 090000000000000000000000000000000000000000000000000000000000000000000000000000000000000000000000000000000000000000000000002303201700000000            000000000000000                              000                           
0010001300121T 090180230000001544772 29577050012147654   7121057         23122016000000000007500001012416121057                   0900000000000000000000000000000000000000000000000000000   000000000000000000000010009        170192957705     
0010001300122U 090000000000000000000000000000000000000000000000000000000000000000000000000000000000000000000000000000000000000000000000002303201700000000            000000000000000                              000                           
0010001300123T 090180230000001544772 29577050012259693   7122643         2312201600000000000750000103049X122643                   0900000000000000000000000000000000000000000000000000000   000000000000000000000010009        170192957705     
0010001300124U 090000000000000000000000000000000000000000000000000000000000000000000000000000000000000000000000000000000000000000000000002303201700000000            000000000000000                              000                           
0010001300125T 090180230000001544772 29577050012554852   7125680         2312201600000000000750000103049X125680                   0900000000000000000000000000000000000000000000000000000   000000000000000000000010009        170192957705     
0010001300126U 090000000000000000000000000000000000000000000000000000000000000000000000000000000000000000000000000000000000000000000000002303201700000000            000000000000000                              000                           
0010001300127T 090180230000001544772 29577050012705253   7127664         23122016000000000007500001000213127664                   0900000000000000000000000000000000000000000000000000000   000000000000000000000010009        170192957705     
0010001300128U 090000000000000000000000000000000000000000000000000000000000000000000000000000000000000000000000000000000000000000000000002303201700000000            000000000000000                              000                           
0010001300129T 090180230000001544772 29577050012802673   7128755         23122016000000000007500001046280128755                   0900000000000000000000000000000000000000000000000000000   000000000000000000000010009        170192957705     
0010001300130U 090000000000000000000000000000000000000000000000000000000000000000000000000000000000000000000000000000000000000000000000002303201700000000            000000000000000                              000                           
0010001300131T 090180230000001544772 29577050012928757   7129741         23122016000000000007500001046280129741                   0900000000000000000000000000000000000000000000000000000   000000000000000000000010009        170192957705     
0010001300132U 090000000000000000000000000000000000000000000000000000000000000000000000000000000000000000000000000000000000000000000000002303201700000000            000000000000000                              000                           
0010001300133T 090180230000001544772 29577050013033101   7130309         23122016000000000007500001012408130309                   0900000000000000000000000000000000000000000000000000000   000000000000000000000010009        170192957705     
0010001300134U 090000000000000000000000000000000000000000000000000000000000000000000000000000000000000000000000000000000000000000000000002303201700000000            000000000000000                              000                           
0010001300135T 090180230000001544772 29577050013145310   7131797         23122016000000000007500001000213131797                   0900000000000000000000000000000000000000000000000000000   000000000000000000000010009        170192957705     
0010001300136U 090000000000000000000000000000000000000000000000000000000000000000000000000000000000000000000000000000000000000000000000002303201700000000            000000000000000                              000                           
0010001300137T 090180230000001544772 29577050013407664   7134289         23122016000000000007500001000213134289                   0900000000000000000000000000000000000000000000000000000   000000000000000000000010009        170192957705     
0010001300138U 090000000000000000000000000000000000000000000000000000000000000000000000000000000000000000000000000000000000000000000000002303201700000000            000000000000000                              000                           
0010001300139T 090180230000001544772 29577050013532074   7135338         23122016000000000007500001000213135338                   0900000000000000000000000000000000000000000000000000000   000000000000000000000010009        170192957705     
0010001300140U 090000000000000000000000000000000000000000000000000000000000000000000000000000000000000000000000000000000000000000000000002303201700000000            000000000000000                              000                           
0010001300141T 090180230000001544772 29577050013634049   7136710         23122016000000000007500001000213136710                   0900000000000000000000000000000000000000000000000000000   000000000000000000000010009        170192957705     
0010001300142U 090000000000000000000000000000000000000000000000000000000000000000000000000000000000000000000000000000000000000000000000002303201700000000            000000000000000                              000                           
0010001300143T 090180230000001544772 29577050013720263   7137043         23122016000000000007500001000213137043                   0900000000000000000000000000000000000000000000000000000   000000000000000000000010009        170192957705     
0010001300144U 090000000000000000000000000000000000000000000000000000000000000000000000000000000000000000000000000000000000000000000000002303201700000000            000000000000000                              000                           
0010001300145T 090180230000001544772 29577050013814841   7138057         2312201600000000000750000103049X138057                   0900000000000000000000000000000000000000000000000000000   000000000000000000000010009        170192957705     
0010001300146U 090000000000000000000000000000000000000000000000000000000000000000000000000000000000000000000000000000000000000000000000002303201700000000            000000000000000                              000                           
0010001300147T 090180230000001544772 29577050013902539   7139109         23122016000000000007500001000213139109                   0900000000000000000000000000000000000000000000000000000   000000000000000000000010009        170192957705     
0010001300148U 090000000000000000000000000000000000000000000000000000000000000000000000000000000000000000000000000000000000000000000000002303201700000000            000000000000000                              000                           
0010001300149T 090180230000001544772 29577050014118488   7141284         23122016000000000007500001012416141284                   0900000000000000000000000000000000000000000000000000000   000000000000000000000010009        170192957705     
0010001300150U 090000000000000000000000000000000000000000000000000000000000000000000000000000000000000000000000000000000000000000000000002303201700000000            000000000000000                              000                           
0010001300151T 090180230000001544772 29577050014708557   7147066         2312201600000000001000000103049X147066                   0900000000000000000000000000000000000000000000000000000   000000000000000000000010009        170192957705     
0010001300152U 090000000000000000000000000000000000000000000000000000000000000000000000000000000000000000000000000000000000000000000000002303201700000000            000000000000000                              000                           
0010001300153T 090180230000001544772 29577050014712498   7147780         2312201600000000001000000103049X147780                   0900000000000000000000000000000000000000000000000000000   000000000000000000000010009        170192957705     
0010001300154U 090000000000000000000000000000000000000000000000000000000000000000000000000000000000000000000000000000000000000000000000002303201700000000            000000000000000                              000                           
0010001300155T 090180230000001544772 29577050014757116   7147431         2312201600000000001000000103049X147431                   0900000000000000000000000000000000000000000000000000000   000000000000000000000010009        170192957705     
0010001300156U 090000000000000000000000000000000000000000000000000000000000000000000000000000000000000000000000000000000000000000000000002303201700000000            000000000000000                              000                           
0010001300157T 090180230000001544772 29577050014847700   7148774         23122016000000000007500001000213148774                   0900000000000000000000000000000000000000000000000000000   000000000000000000000010009        170192957705     
0010001300158U 090000000000000000000000000000000000000000000000000000000000000000000000000000000000000000000000000000000000000000000000002303201700000000            000000000000000                              000                           
0010001300159T 090180230000001544772 29577050014944263   7149578         2312201600000000000750000103049X149578                   0900000000000000000000000000000000000000000000000000000   000000000000000000000010009        170192957705     
0010001300160U 090000000000000000000000000000000000000000000000000000000000000000000000000000000000000000000000000000000000000000000000002303201700000000            000000000000000                              000                           
0010001300161T 090180230000001544772 29577050015039069   7150078         23122016000000000007500001012416150078                   0900000000000000000000000000000000000000000000000000000   000000000000000000000010009        170192957705     
0010001300162U 090000000000000000000000000000000000000000000000000000000000000000000000000000000000000000000000000000000000000000000000002303201700000000            000000000000000                              000                           
0010001300163T 090180230000001544772 29577050015215356   7152780         23122016000000000007500001012408152780                   0900000000000000000000000000000000000000000000000000000   000000000000000000000010009        170192957705     
0010001300164U 090000000000000000000000000000000000000000000000000000000000000000000000000000000000000000000000000000000000000000000000002303201700000000            000000000000000                              000                           
0010001300165T 090180230000001544772 29577050015402525   7154974         23122016000000000007500001000213154974                   0900000000000000000000000000000000000000000000000000000   000000000000000000000010009        170192957705     
0010001300166U 090000000000000000000000000000000000000000000000000000000000000000000000000000000000000000000000000000000000000000000000002303201700000000            000000000000000                              000                           
0010001300167T 090180230000001544772 29577050015755300   7157670         23122016000000000010000001000213157670                   0900000000000000000000000000000000000000000000000000000   000000000000000000000010009        170192957705     
0010001300168U 090000000000000000000000000000000000000000000000000000000000000000000000000000000000000000000000000000000000000000000000002303201700000000            000000000000000                              000                           
0010001300169T 090180230000001544772 29577050015852292   7158451         2312201600000000000750000103049X158451                   0900000000000000000000000000000000000000000000000000000   000000000000000000000010009        170192957705     
0010001300170U 090000000000000000000000000000000000000000000000000000000000000000000000000000000000000000000000000000000000000000000000002303201700000000            000000000000000                              000                           
0010001300171T 090180230000001544772 29577050016221052   7162527         23122016000000000007500001030864162527                   0900000000000000000000000000000000000000000000000000000   000000000000000000000010009        170192957705     
0010001300172U 090000000000000000000000000000000000000000000000000000000000000000000000000000000000000000000000000000000000000000000000002303201700000000            000000000000000                              000                           
0010001300173T 090180230000001544772 29577050017046024   7170219         23122016000000000010000001012416170219                   0900000000000000000000000000000000000000000000000000000   000000000000000000000010009        170192957705     
0010001300174U 090000000000000000000000000000000000000000000000000000000000000000000000000000000000000000000000000000000000000000000000002303201700000000            000000000000000                              000                           
0010001300175T 090180230000001544772 29577050017108451   7171090         23122016000000000007500001012408171090                   0900000000000000000000000000000000000000000000000000000   000000000000000000000010009        170192957705     
0010001300176U 090000000000000000000000000000000000000000000000000000000000000000000000000000000000000000000000000000000000000000000000002303201700000000            000000000000000                              000                           
0010001300177T 090180230000001544772 29577050017235045   7172617         23122016000000000010000001012408172617                   0900000000000000000000000000000000000000000000000000000   000000000000000000000010009        170192957705     
0010001300178U 090000000000000000000000000000000000000000000000000000000000000000000000000000000000000000000000000000000000000000000000002303201700000000            000000000000000                              000                           
0010001300179T 090180230000001544772 29577050017419625   7174779         23122016000000000007500001009245174779                   0900000000000000000000000000000000000000000000000000000   000000000000000000000010009        170192957705     
0010001300180U 090000000000000000000000000000000000000000000000000000000000000000000000000000000000000000000000000000000000000000000000002303201700000000            000000000000000                              000                           
0010001300181T 090180230000001544772 29577050017429517   7174941         23122016000000000007500001009245174941                   0900000000000000000000000000000000000000000000000000000   000000000000000000000010009        170192957705     
0010001300182U 090000000000000000000000000000000000000000000000000000000000000000000000000000000000000000000000000000000000000000000000002303201700000000            000000000000000                              000                           
0010001300183T 090180230000001544772 29577050017724424   7177984         23122016000000000007500001000213177984                   0900000000000000000000000000000000000000000000000000000   000000000000000000000010009        170192957705     
0010001300184U 090000000000000000000000000000000000000000000000000000000000000000000000000000000000000000000000000000000000000000000000002303201700000000            000000000000000                              000                           
0010001300185T 090180230000001544772 29577050018059476   7180360         2312201600000000000750000103049X180360                   0900000000000000000000000000000000000000000000000000000   000000000000000000000010009        170192957705     
0010001300186U 090000000000000000000000000000000000000000000000000000000000000000000000000000000000000000000000000000000000000000000000002303201700000000            000000000000000                              000                           
0010001300187T 090180230000001544772 29577050018118786   7181685         23122016000000000007500001009245181685                   0900000000000000000000000000000000000000000000000000000   000000000000000000000010009        170192957705     
0010001300188U 090000000000000000000000000000000000000000000000000000000000000000000000000000000000000000000000000000000000000000000000002303201700000000            000000000000000                              000                           
0010001300189T 090180230000001544772 29577050018348091   7183517         23122016000000000007500001012408183517                   0900000000000000000000000000000000000000000000000000000   000000000000000000000010009        170192957705     
0010001300190U 090000000000000000000000000000000000000000000000000000000000000000000000000000000000000000000000000000000000000000000000002303201700000000            000000000000000                              000                           
0010001300191T 090180230000001544772 29577050018659912   7186079         23122016000000000007500001012408186079                   0900000000000000000000000000000000000000000000000000000   000000000000000000000010009        170192957705     
0010001300192U 090000000000000000000000000000000000000000000000000000000000000000000000000000000000000000000000000000000000000000000000002303201700000000            000000000000000                              000                           
0010001300193T 090180230000001544772 29577050018747080   7187983         23122016000000000007500001012408187983                   0900000000000000000000000000000000000000000000000000000   000000000000000000000010009        170192957705     
0010001300194U 090000000000000000000000000000000000000000000000000000000000000000000000000000000000000000000000000000000000000000000000002303201700000000            000000000000000                              000                           
0010001300195T 090180230000001544772 29577050018828556   7188503         23122016000000000007500001012416188503                   0900000000000000000000000000000000000000000000000000000   000000000000000000000010009        170192957705     
0010001300196U 090000000000000000000000000000000000000000000000000000000000000000000000000000000000000000000000000000000000000000000000002303201700000000            000000000000000                              000                           
0010001300197T 090180230000001544772 29577050018923291   7189754         23122016000000000007500001012408189754                   0900000000000000000000000000000000000000000000000000000   000000000000000000000010009        170192957705     
0010001300198U 090000000000000000000000000000000000000000000000000000000000000000000000000000000000000000000000000000000000000000000000002303201700000000            000000000000000                              000                           
0010001300199T 090180230000001544772 29577050019136655   7191765         2312201600000000000750000103049X191765                   0900000000000000000000000000000000000000000000000000000   000000000000000000000010009        170192957705     
0010001300200U 090000000000000000000000000000000000000000000000000000000000000000000000000000000000000000000000000000000000000000000000002303201700000000            000000000000000                              000                           
0010001300201T 090180230000001544772 29577050019332565   7193522         23122016000000000010000001012408193522                   0900000000000000000000000000000000000000000000000000000   000000000000000000000010009        170192957705     
0010001300202U 090000000000000000000000000000000000000000000000000000000000000000000000000000000000000000000000000000000000000000000000002303201700000000            000000000000000                              000                           
0010001300203T 090180230000001544772 29577050019559095   7195512         23122016000000000007500001012408195512                   0900000000000000000000000000000000000000000000000000000   000000000000000000000010009        170192957705     
0010001300204U 090000000000000000000000000000000000000000000000000000000000000000000000000000000000000000000000000000000000000000000000002303201700000000            000000000000000                              000                           
0010001300205T 090180230000001544772 29577050020048379   7200228         2312201600000000000750000103049X200228                   0900000000000000000000000000000000000000000000000000000   000000000000000000000010009        170192957705     
0010001300206U 090000000000000000000000000000000000000000000000000000000000000000000000000000000000000000000000000000000000000000000000002303201700000000            000000000000000                              000                           
0010001300207T 090180230000001544772 29577050020130213   7201090         23122016000000000007500001012408201090                   0900000000000000000000000000000000000000000000000000000   000000000000000000000010009        170192957705     
0010001300208U 090000000000000000000000000000000000000000000000000000000000000000000000000000000000000000000000000000000000000000000000002303201700000000            000000000000000                              000                           
0010001300209T 090180230000001544772 29577050020235400   7202572         23122016000000000010000001012408202572                   0900000000000000000000000000000000000000000000000000000   000000000000000000000010009        170192957705     
0010001300210U 090000000000000000000000000000000000000000000000000000000000000000000000000000000000000000000000000000000000000000000000002303201700000000            000000000000000                              000                           
0010001300211T 090180230000001544772 29577050020445796   7204191         23122016000000000007500001000213204191                   0900000000000000000000000000000000000000000000000000000   000000000000000000000010009        170192957705     
0010001300212U 090000000000000000000000000000000000000000000000000000000000000000000000000000000000000000000000000000000000000000000000002303201700000000            000000000000000                              000                           
0010001300213T 090180230000001544772 29577050020542989   7205432         23122016000000000007500001012416205432                   0900000000000000000000000000000000000000000000000000000   000000000000000000000010009        170192957705     
0010001300214U 090000000000000000000000000000000000000000000000000000000000000000000000000000000000000000000000000000000000000000000000002303201700000000            000000000000000                              000                           
0010001300215T 090180230000001544772 29577050020600691   7206417         23122016000000000010000001000213206417                   0900000000000000000000000000000000000000000000000000000   000000000000000000000010009        170192957705     
0010001300216U 090000000000000000000000000000000000000000000000000000000000000000000000000000000000000000000000000000000000000000000000002303201700000000            000000000000000                              000                           
0010001300217T 090180230000001544772 29577050020814518   7208262         2312201600000000000750000103049X208262                   0900000000000000000000000000000000000000000000000000000   000000000000000000000010009        170192957705     
0010001300218U 090000000000000000000000000000000000000000000000000000000000000000000000000000000000000000000000000000000000000000000000002303201700000000            000000000000000                              000                           
0010001300219T 090180230000001544772 29577050021635570   7216352         23122016000000000010000001000213216352                   0900000000000000000000000000000000000000000000000000000   000000000000000000000010009        170192957705     
0010001300220U 090000000000000000000000000000000000000000000000000000000000000000000000000000000000000000000000000000000000000000000000002303201700000000            000000000000000                              000                           
0010001300221T 090180230000001544772 29577050021713474   7217597         23122016000000000007500001012408217597                   0900000000000000000000000000000000000000000000000000000   000000000000000000000010009        170192957705     
0010001300222U 090000000000000000000000000000000000000000000000000000000000000000000000000000000000000000000000000000000000000000000000002303201700000000            000000000000000                              000                           
0010001300223T 090180230000001544772 29577050021942770   7219527         23122016000000000007500001009245219527                   0900000000000000000000000000000000000000000000000000000   000000000000000000000010009        170192957705     
0010001300224U 090000000000000000000000000000000000000000000000000000000000000000000000000000000000000000000000000000000000000000000000002303201700000000            000000000000000                              000                           
0010001300225T 090180230000001544772 29577050022017190   7220025         23122016000000000007500001000213220025                   0900000000000000000000000000000000000000000000000000000   000000000000000000000010009        170192957705     
0010001300226U 090000000000000000000000000000000000000000000000000000000000000000000000000000000000000000000000000000000000000000000000002303201700000000            000000000000000                              000                           
0010001300227T 090180230000001544772 29577050022120066   7221781         23122016000000000007500001000213221781                   0900000000000000000000000000000000000000000000000000000   000000000000000000000010009        170192957705     
0010001300228U 090000000000000000000000000000000000000000000000000000000000000000000000000000000000000000000000000000000000000000000000002303201700000000            000000000000000                              000                           
0010001300229T 090180230000001544772 29577050022829001   7228241         23122016000000000007500001000213228241                   0900000000000000000000000000000000000000000000000000000   000000000000000000000010009        170192957705     
0010001300230U 090000000000000000000000000000000000000000000000000000000000000000000000000000000000000000000000000000000000000000000000002303201700000000            000000000000000                              000                           
0010001300231T 090180230000001544772 29577050022917724   7229454         23122016000000000007500001000213229454                   0900000000000000000000000000000000000000000000000000000   000000000000000000000010009        170192957705     
0010001300232U 090000000000000000000000000000000000000000000000000000000000000000000000000000000000000000000000000000000000000000000000002303201700000000            000000000000000                              000                           
0010001300233T 090180230000001544772 29577050023113988   7231144         23122016000000000007500001000213231144                   0900000000000000000000000000000000000000000000000000000   000000000000000000000010009        170192957705     
0010001300234U 090000000000000000000000000000000000000000000000000000000000000000000000000000000000000000000000000000000000000000000000002303201700000000            000000000000000                              000                           
0010001300235T 090180230000001544772 29577050023352969   7233363         23122016000000000007500001000213233363                   0900000000000000000000000000000000000000000000000000000   000000000000000000000010009        170192957705     
0010001300236U 090000000000000000000000000000000000000000000000000000000000000000000000000000000000000000000000000000000000000000000000002303201700000000            000000000000000                              000                           
0010001300237T 090180230000001544772 29577050023806224   7238428         23122016000000000007500001012408238428                   0900000000000000000000000000000000000000000000000000000   000000000000000000000010009        170192957705     
0010001300238U 090000000000000000000000000000000000000000000000000000000000000000000000000000000000000000000000000000000000000000000000002303201700000000            000000000000000                              000                           
0010001300239T 090180230000001544772 29577050024130810   7241754         23122016000000000007500001012408241754                   0900000000000000000000000000000000000000000000000000000   000000000000000000000010009        170192957705     
0010001300240U 090000000000000000000000000000000000000000000000000000000000000000000000000000000000000000000000000000000000000000000000002303201700000000            000000000000000                              000                           
0010001300241T 090180230000001544772 29577050024445437   7244223         23122016000000000007500001000213244223                   0900000000000000000000000000000000000000000000000000000   000000000000000000000010009        170192957705     
0010001300242U 090000000000000000000000000000000000000000000000000000000000000000000000000000000000000000000000000000000000000000000000002303201700000000            000000000000000                              000                           
0010001300243T 090180230000001544772 29577050024755389   7247974         23122016000000000007500001000213247974                   0900000000000000000000000000000000000000000000000000000   000000000000000000000010009        170192957705     
0010001300244U 090000000000000000000000000000000000000000000000000000000000000000000000000000000000000000000000000000000000000000000000002303201700000000            000000000000000                              000                           
0010001300245T 090180230000001544772 29577050026049311   7260213         2312201600000000000750000103049X260213                   0900000000000000000000000000000000000000000000000000000   000000000000000000000010009        170192957705     
0010001300246U 090000000000000000000000000000000000000000000000000000000000000000000000000000000000000000000000000000000000000000000000002303201700000000            000000000000000                              000                           
0010001300247T 090180230000001544772 29577050026335306   7263465         2312201600000000000750000103049X263465                   0900000000000000000000000000000000000000000000000000000   000000000000000000000010009        170192957705     
0010001300248U 090000000000000000000000000000000000000000000000000000000000000000000000000000000000000000000000000000000000000000000000002303201700000000            000000000000000                              000                           
0010001300249T 090180230000001544772 29577050026440978   7264160         2312201600000000000750000103049X264160                   0900000000000000000000000000000000000000000000000000000   000000000000000000000010009        170192957705     
0010001300250U 090000000000000000000000000000000000000000000000000000000000000000000000000000000000000000000000000000000000000000000000002303201700000000            000000000000000                              000                           
0010001300251T 090180230000001544772 29577050026731341   7267130         2312201600000000000750000100281X267130                   0900000000000000000000000000000000000000000000000000000   000000000000000000000010009        170192957705     
0010001300252U 090000000000000000000000000000000000000000000000000000000000000000000000000000000000000000000000000000000000000000000000002303201700000000            000000000000000                              000                           
0010001300253T 090180230000001544772 29577050026931394   7269223         2312201600000000000750000103049X269223                   0900000000000000000000000000000000000000000000000000000   000000000000000000000010009        170192957705     
0010001300254U 090000000000000000000000000000000000000000000000000000000000000000000000000000000000000000000000000000000000000000000000002303201700000000            000000000000000                              000                           
0010001300255T 090180230000001544772 29577050027131749   7271930         23122016000000000010000001012408271930                   0900000000000000000000000000000000000000000000000000000   000000000000000000000010009        170192957705     
0010001300256U 090000000000000000000000000000000000000000000000000000000000000000000000000000000000000000000000000000000000000000000000002303201700000000            000000000000000                              000                           
0010001300257T 090180230000001544772 29577050027656384   7276468         2312201600000000000750000103049X276468                   0900000000000000000000000000000000000000000000000000000   000000000000000000000010009        170192957705     
0010001300258U 090000000000000000000000000000000000000000000000000000000000000000000000000000000000000000000000000000000000000000000000002303201700000000            000000000000000                              000                           
0010001300259T 280180230000001544772 29577050027617996   788888888888889922012017000000000007500001000000888888888888899          0900000000000000000000000000000000000000000000000000000   000000000000000000000005002        170192957705     
0010001300260U 280000000000000000000000000000000000000000000000000000000000000000000000000000000000000000000000000000000000000000000000002303201700000000            000000000000000                              000                           
0010001300261T 280180230000001544772 29577050046235067   788888888888889922012017000000000007500001000000888888888888899          0900000000000000000000000000000000000000000000000000000   000000000000000000000005002        170192957705     
0010001300262U 280000000000000000000000000000000000000000000000000000000000000000000000000000000000000000000000000000000000000000000000002303201700000000            000000000000000                              000                           
0010001300263T 280180230000001544772 29577050046251839   788888888888889922012017000000000007500001000000888888888888899          0900000000000000000000000000000000000000000000000000000   000000000000000000000005002        170192957705     
0010001300264U 280000000000000000000000000000000000000000000000000000000000000000000000000000000000000000000000000000000000000000000000002303201700000000            000000000000000                              000                           
0010001300265T 280180230000001544772 29577050063315328   7               21022017000000000007500001000000                         0900000000000000000000000000000000000000000000000000000   000000000000000000000005002        170192957705     
0010001300266U 280000000000000000000000000000000000000000000000000000000000000000000000000000000000000000000000000000000000000000000000002303201700000000            000000000000000                              000                           
0010001300267T 280180230000001544772 29577050115213620   7               21022017000000000007500001000000                         0900000000000000000000000000000000000000000000000000000   000000000000000000000005002        170192957705     
0010001300268U 280000000000000000000000000000000000000000000000000000000000000000000000000000000000000000000000000000000000000000000000002303201700000000            000000000000000                              000                           
0010001300269T 280180230000001544772 29577050115254371   7               21022017000000000007500001000000                         0900000000000000000000000000000000000000000000000000000   000000000000000000000005002        170192957705     
0010001300270U 280000000000000000000000000000000000000000000000000000000000000000000000000000000000000000000000000000000000000000000000002303201700000000            000000000000000                              000                           
0010001300271T 280180230000001544772 29577050247328547   7               21022017000000000007500001000000                         0900000000000000000000000000000000000000000000000000000   000000000000000000000005002        170192957705     
0010001300272U 280000000000000000000000000000000000000000000000000000000000000000000000000000000000000000000000000000000000000000000000002303201700000000            000000000000000                              000                           
0010001300273T 280180230000001544772 29577050278332168   788888888888889922012017000000000007500001000000888888888888899          0900000000000000000000000000000000000000000000000000000   000000000000000000000005002        170192957705     
0010001300274U 280000000000000000000000000000000000000000000000000000000000000000000000000000000000000000000000000000000000000000000000002303201700000000            000000000000000                              000                           
0010001300275T 280180230000001544772 29577050278438584   788888888888889922012017000000000007500001000000888888888888899          0900000000000000000000000000000000000000000000000000000   000000000000000000000005002        170192957705     
0010001300276U 280000000000000000000000000000000000000000000000000000000000000000000000000000000000000000000000000000000000000000000000002303201700000000            000000000000000                              000                           
0010001300277T 280180230000001544772 29577050278514711   788888888888889922012017000000000007500001000000888888888888899          0900000000000000000000000000000000000000000000000000000   000000000000000000000005002        170192957705     
0010001300278U 280000000000000000000000000000000000000000000000000000000000000000000000000000000000000000000000000000000000000000000000002303201700000000            000000000000000                              000                           
0010001300279T 280180230000001544772 29577050278522333   788888888888889922012017000000000007500001000000888888888888899          0900000000000000000000000000000000000000000000000000000   000000000000000000000005002        170192957705     
0010001300280U 280000000000000000000000000000000000000000000000000000000000000000000000000000000000000000000000000000000000000000000000002303201700000000            000000000000000                              000                           
0010001300281T 280180230000001544772 29577050278617771   788888888888889922012017000000000007500001000000888888888888899          0900000000000000000000000000000000000000000000000000000   000000000000000000000005002        170192957705     
0010001300282U 280000000000000000000000000000000000000000000000000000000000000000000000000000000000000000000000000000000000000000000000002303201700000000            000000000000000                              000                           
0010001300283T 280180230000001544772 29577050278811373   788888888888889922012017000000000007500001000000888888888888899          0900000000000000000000000000000000000000000000000000000   000000000000000000000005002        170192957705     
0010001300284U 280000000000000000000000000000000000000000000000000000000000000000000000000000000000000000000000000000000000000000000000002303201700000000            000000000000000                              000                           
0010001300285T 280180230000001544772 29577050278940134   788888888888889922012017000000000007500001000000888888888888899          0900000000000000000000000000000000000000000000000000000   000000000000000000000005002        170192957705     
0010001300286U 280000000000000000000000000000000000000000000000000000000000000000000000000000000000000000000000000000000000000000000000002303201700000000            000000000000000                              000                           
0010001300287T 280180230000001544772 29577050279155344   788888888888889922012017000000000007500001000000888888888888899          0900000000000000000000000000000000000000000000000000000   000000000000000000000005002        170192957705     
0010001300288U 280000000000000000000000000000000000000000000000000000000000000000000000000000000000000000000000000000000000000000000000002303201700000000            000000000000000                              000                           
0010001300289T 280180230000001544772 29577050370802396   7               21022017000000000007500001000000                         0900000000000000000000000000000000000000000000000000000   000000000000000000000005002        170192957705     
0010001300290U 280000000000000000000000000000000000000000000000000000000000000000000000000000000000000000000000000000000000000000000000002303201700000000            000000000000000                              000                           
0010001300291T 280180230000001544772 29577050381656336   7               21022017000000000007500001000000                         0900000000000000000000000000000000000000000000000000000   000000000000000000000005002        170192957705     
0010001300292U 280000000000000000000000000000000000000000000000000000000000000000000000000000000000000000000000000000000000000000000000002303201700000000            000000000000000                              000                           
0010001300293T 280180230000001544772 29577050399145839   7               21022017000000000007500001000000                         0900000000000000000000000000000000000000000000000000000   000000000000000000000005002        170192957705     
0010001300294U 280000000000000000000000000000000000000000000000000000000000000000000000000000000000000000000000000000000000000000000000002303201700000000            000000000000000                              000                           
0010001300295T 280180230000001544772 29577050428725718   7               21022017000000000007500001000000                         0900000000000000000000000000000000000000000000000000000   000000000000000000000005002        170192957705     
0010001300296U 280000000000000000000000000000000000000000000000000000000000000000000000000000000000000000000000000000000000000000000000002303201700000000            000000000000000                              000                           
0010001300297T 280180230000001544772 29577050467306069   7               21022017000000000007500001000000                         0900000000000000000000000000000000000000000000000000000   000000000000000000000005002        170192957705     
0010001300298U 280000000000000000000000000000000000000000000000000000000000000000000000000000000000000000000000000000000000000000000000002303201700000000            000000000000000                              000                           
0010001300299T 280180230000001544772 29577050469855113   7               21022017000000000007500001000000                         0900000000000000000000000000000000000000000000000000000   000000000000000000000005002        170192957705     
0010001300300U 280000000000000000000000000000000000000000000000000000000000000000000000000000000000000000000000000000000000000000000000002303201700000000            000000000000000                              000                           
0010001300301T 280180230000001544772 29577050494610258   7               21022017000000000007500001000000                         0900000000000000000000000000000000000000000000000000000   000000000000000000000005002        170192957705     
0010001300302U 280000000000000000000000000000000000000000000000000000000000000000000000000000000000000000000000000000000000000000000000002303201700000000            000000000000000                              000                           
0010001300303T 280180230000001544772 29577050494645364   7               21022017000000000007500001000000                         0900000000000000000000000000000000000000000000000000000   000000000000000000000005002        170192957705     
0010001300304U 280000000000000000000000000000000000000000000000000000000000000000000000000000000000000000000000000000000000000000000000002303201700000000            000000000000000                              000                           
0010001300305T 280180230000001544772 29577050501320045   7               21022017000000000007500001000000                         0900000000000000000000000000000000000000000000000000000   000000000000000000000005002        170192957705     
0010001300306U 280000000000000000000000000000000000000000000000000000000000000000000000000000000000000000000000000000000000000000000000002303201700000000            000000000000000                              000                           
0010001300307T 280180230000001544772 29577050509613341   7               21022017000000000010000001000000                         0900000000000000000000000000000000000000000000000000000   000000000000000000000005002        170192957705     
0010001300308U 280000000000000000000000000000000000000000000000000000000000000000000000000000000000000000000000000000000000000000000000002303201700000000            000000000000000                              000                           
0010001300309T 280180230000001544772 29577050510146666   7               21022017000000000007500001000000                         0900000000000000000000000000000000000000000000000000000   000000000000000000000005002        170192957705     
0010001300310U 280000000000000000000000000000000000000000000000000000000000000000000000000000000000000000000000000000000000000000000000002303201700000000            000000000000000                              000                           
0010001300311T 280180230000001544772 29577050612805447   7               21022017000000000007500001000000                         0900000000000000000000000000000000000000000000000000000   000000000000000000000005002        170192957705     
0010001300312U 280000000000000000000000000000000000000000000000000000000000000000000000000000000000000000000000000000000000000000000000002303201700000000            000000000000000                              000                           
0010001300313T 280180230000001544772 29577050769002316   7               21022017000000000007500001000000                         0900000000000000000000000000000000000000000000000000000   000000000000000000000005002        170192957705     
0010001300314U 280000000000000000000000000000000000000000000000000000000000000000000000000000000000000000000000000000000000000000000000002303201700000000            000000000000000                              000                           
0010001300315T 280180230000001544772 29577050782516914   7               21022017000000000010000001000000                         0900000000000000000000000000000000000000000000000000000   000000000000000000000005002        170192957705     
0010001300316U 280000000000000000000000000000000000000000000000000000000000000000000000000000000000000000000000000000000000000000000000002303201700000000            000000000000000                              000                           
0010001300317T 280180230000001544772 29577050782532929   7               21022017000000000010000001000000                         0900000000000000000000000000000000000000000000000000000   000000000000000000000005002        170192957705     
0010001300318U 280000000000000000000000000000000000000000000000000000000000000000000000000000000000000000000000000000000000000000000000002303201700000000            000000000000000                              000                           
0010001300319T 280180230000001544772 29577050782559102   7               21022017000000000010000001000000                         0900000000000000000000000000000000000000000000000000000   000000000000000000000005002        170192957705     
0010001300320U 280000000000000000000000000000000000000000000000000000000000000000000000000000000000000000000000000000000000000000000000002303201700000000            000000000000000                              000                           
0010001300321T 280180230000001544772 29577050784611637   7               21022017000000000010000001000000                         0900000000000000000000000000000000000000000000000000000   000000000000000000000005002        170192957705     
0010001300322U 280000000000000000000000000000000000000000000000000000000000000000000000000000000000000000000000000000000000000000000000002303201700000000            000000000000000                              000                           
0010001300323T 280180230000001544772 29577050787304038   7               21022017000000000007500001000000                         0900000000000000000000000000000000000000000000000000000   000000000000000000000005002        170192957705     
0010001300324U 280000000000000000000000000000000000000000000000000000000000000000000000000000000000000000000000000000000000000000000000002303201700000000            000000000000000                              000                           
0010001300325T 280180230000001544772 29577050787543129   7               21022017000000000007500001000000                         0900000000000000000000000000000000000000000000000000000   000000000000000000000005002        170192957705     
0010001300326U 280000000000000000000000000000000000000000000000000000000000000000000000000000000000000000000000000000000000000000000000002303201700000000            000000000000000                              000                           
0010001300327T 280180230000001544772 29577050788045650   7               21022017000000000007500001000000                         0900000000000000000000000000000000000000000000000000000   000000000000000000000005002        170192957705     
0010001300328U 280000000000000000000000000000000000000000000000000000000000000000000000000000000000000000000000000000000000000000000000002303201700000000            000000000000000                              000                           
0010001300329T 280180230000001544772 29577050788322582   7               21022017000000000007500001000000                         0900000000000000000000000000000000000000000000000000000   000000000000000000000005002        170192957705     
0010001300330U 280000000000000000000000000000000000000000000000000000000000000000000000000000000000000000000000000000000000000000000000002303201700000000            000000000000000                              000                           
0010001300331T 280180230000001544772 29577050790742961   7               21022017000000000007500001000000                         0900000000000000000000000000000000000000000000000000000   000000000000000000000005002        170192957705     
0010001300332U 280000000000000000000000000000000000000000000000000000000000000000000000000000000000000000000000000000000000000000000000002303201700000000            000000000000000                              000                           
0010001300333T 280180230000001544772 29577050791152015   7               21022017000000000010000001000000                         0900000000000000000000000000000000000000000000000000000   000000000000000000000005002        170192957705     
0010001300334U 280000000000000000000000000000000000000000000000000000000000000000000000000000000000000000000000000000000000000000000000002303201700000000            000000000000000                              000                           
0010001300335T 280180230000001544772 29577050792954528   7               21022017000000000007500001000000                         0900000000000000000000000000000000000000000000000000000   000000000000000000000005002        170192957705     
0010001300336U 280000000000000000000000000000000000000000000000000000000000000000000000000000000000000000000000000000000000000000000000002303201700000000            000000000000000                              000                           
0010001300337T 280180230000001544772 29577050794113658   7               21022017000000000007500001000000                         0900000000000000000000000000000000000000000000000000000   000000000000000000000005002        170192957705     
0010001300338U 280000000000000000000000000000000000000000000000000000000000000000000000000000000000000000000000000000000000000000000000002303201700000000            000000000000000                              000                           
0010001300339T 280180230000001544772 29577050794720394   7               21022017000000000007500001000000                         0900000000000000000000000000000000000000000000000000000   000000000000000000000005002        170192957705     
0010001300340U 280000000000000000000000000000000000000000000000000000000000000000000000000000000000000000000000000000000000000000000000002303201700000000            000000000000000                              000                           
00100015         000342005903000000000451525000000000000000000000000000000000000000000000000000000000000000000000000000000000000000000000000000000                                                                                              
00199999         000001000344000000                                                                                                                                                            00000000000000000000000000000                    
