00100000         2247745860001000029577050014       0180230000001544772 INSTITUTO DE SELECAO E TECNOLOBANCO DO BRASIL                         22403201701081100014603000000515122941PROCESSAMEN                                                 
00100011T0100020 20247745860001000029577050014       0180230000001544772 INSTITUTO DE SELECAO E TECNOLO                                                                                000000002403201700000000  000000000                      
0010001300001T 020180230000001544772 29577050241312787   7               26032017000000000007500001000833                         0900000000000010000000000000000000000000000000000000000   0000000000000000000000000A9        170192957705     
0010001300002U 020000000000000000000000000000000000000000000000000000000000000000000000000000000000000000000000000000000000000000000000002403201700000000            000000000000000                              000                           
0010001300003T 020180230000001544772 29577050246654103   7               25032017000000000010000001012408                         0900000000000010000000000000000000000000000000000000000   0000000000000000000000000A9        170192957705     
0010001300004U 020000000000000000000000000000000000000000000000000000000000000000000000000000000000000000000000000000000000000000000000002303201700000000            000000000000000                              000                           
0010001300005T 020180230000001544772 29577050356241520   7               26032017000000000007500001012408                         0900000000000010000000000000000000000000000000000000000   0000000000000000000000000A9        170192957705     
0010001300006U 020000000000000000000000000000000000000000000000000000000000000000000000000000000000000000000000000000000000000000000000002403201700000000            000000000000000                              000                           
0010001300007T 020180230000001544772 29577050431956330   7               26032017000000000007500001012416                         0900000000000010000000000000000000000000000000000000000   0000000000000000000000000A9        170192957705     
0010001300008U 020000000000000000000000000000000000000000000000000000000000000000000000000000000000000000000000000000000000000000000000002403201700000000            000000000000000                              000                           
0010001300009T 020180230000001544772 29577050952118392   7               26032017000000000007500001000213                         0900000000000010000000000000000000000000000000000000000   0000000000000000000000000A9        170192957705     
0010001300010U 020000000000000000000000000000000000000000000000000000000000000000000000000000000000000000000000000000000000000000000000002403201700000000            000000000000000                              000                           
0010001300011T 020180230000001544772 29577051043044717   7               26032017000000000007500001000213                         0900000000000010000000000000000000000000000000000000000   0000000000000000000000000A9        170192957705     
0010001300012U 020000000000000000000000000000000000000000000000000000000000000000000000000000000000000000000000000000000000000000000000002403201700000000            000000000000000                              000                           
0010001300013T 020180230000001544772 29577051247103278   7               2603201700000000000750000103049X                         0900000000000010000000000000000000000000000000000000000   0000000000000000000000000A9        170192957705     
0010001300014U 020000000000000000000000000000000000000000000000000000000000000000000000000000000000000000000000000000000000000000000000002403201700000000            000000000000000                              000                           
0010001300015T 020180230000001544772 29577051429436342   7               2603201700000000000750000103049X                         0900000000000010500000000000000000000000000000000000000   0000000000000000000000000A9A4      170192957705     
0010001300016U 020000000000000000000000000000000000000000000000000000000000000000000000000000000000000000000000000000000000000000000000002403201700000000            000000000000000                              000                           
0010001300017T 020180230000001544772 29577051429711039   7               26032017000000000007500001012408                         0900000000000010000000000000000000000000000000000000000   0000000000000000000000000A9        170192957705     
0010001300018U 020000000000000000000000000000000000000000000000000000000000000000000000000000000000000000000000000000000000000000000000002403201700000000            000000000000000                              000                           
0010001300019T 020180230000001544772 29577051430353472   7               2603201700000000000750000103049X                         0900000000000010000000000000000000000000000000000000000   0000000000000000000000000A9        170192957705     
0010001300020U 020000000000000000000000000000000000000000000000000000000000000000000000000000000000000000000000000000000000000000000000002403201700000000            000000000000000                              000                           
0010001300021T 020180230000001544772 29577051431138880   7               26032017000000000007500001012408                         0900000000000010000000000000000000000000000000000000000   0000000000000000000000000A9        170192957705     
0010001300022U 020000000000000000000000000000000000000000000000000000000000000000000000000000000000000000000000000000000000000000000000002403201700000000            000000000000000                              000                           
0010001300023T 020180230000001544772 29577051431225304   7               26032017000000000007500001000213                         0900000000000010000000000000000000000000000000000000000   0000000000000000000000000A9        170192957705     
0010001300024U 020000000000000000000000000000000000000000000000000000000000000000000000000000000000000000000000000000000000000000000000002403201700000000            000000000000000                              000                           
0010001300025T 020180230000001544772 29577051431536344   7               26032017000000000007500001000833                         0900000000000010000000000000000000000000000000000000000   0000000000000000000000000A9        170192957705     
0010001300026U 020000000000000000000000000000000000000000000000000000000000000000000000000000000000000000000000000000000000000000000000002403201700000000            000000000000000                              000                           
0010001300027T 020180230000001544772 29577051431650542   7               26032017000000000007500001000833                         0900000000000010000000000000000000000000000000000000000   0000000000000000000000000A9        170192957705     
0010001300028U 020000000000000000000000000000000000000000000000000000000000000000000000000000000000000000000000000000000000000000000000002403201700000000            000000000000000                              000                           
0010001300029T 020180230000001544772 29577051431938870   7               2603201700000000000750000103049X                         0900000000000010000000000000000000000000000000000000000   0000000000000000000000000A9        170192957705     
0010001300030U 020000000000000000000000000000000000000000000000000000000000000000000000000000000000000000000000000000000000000000000000002403201700000000            000000000000000                              000                           
0010001300031T 020180230000001544772 29577051432508368   7               26032017000000000010000001000213                         0900000000000010000000000000000000000000000000000000000   0000000000000000000000000A9        170192957705     
0010001300032U 020000000000000000000000000000000000000000000000000000000000000000000000000000000000000000000000000000000000000000000000002403201700000000            000000000000000                              000                           
0010001300033T 020180230000001544772 29577051432702735   7               26032017000000000007500001012408                         0900000000000010000000000000000000000000000000000000000   0000000000000000000000000A9        170192957705     
0010001300034U 020000000000000000000000000000000000000000000000000000000000000000000000000000000000000000000000000000000000000000000000002403201700000000            000000000000000                              000                           
0010001300035T 060180230000001544772 29577051399319556   7               24032017000000000007500001016098                         0900000000000010000000000000000000000000000000000000000   000000000000000000000029000        170192957705     
0010001300036U 060000000000000000000000000000000000000000000000000000000000000000000000075000000000000072100000000000000000000000000000002403201727032017            000000000000000                              000                           
0010001300037T 090180230000001544772 29577050013424149   7134619         24122016000000000007500001000213134619                   0900000000000000000000000000000000000000000000000000000   000000000000000000000010009        170192957705     
0010001300038U 090000000000000000000000000000000000000000000000000000000000000000000000000000000000000000000000000000000000000000000000002403201700000000            000000000000000                              000                           
0010001300039T 090180230000001544772 29577050017416623   7174237         24122016000000000007500001009245174237                   0900000000000000000000000000000000000000000000000000000   000000000000000000000010009        170192957705     
0010001300040U 090000000000000000000000000000000000000000000000000000000000000000000000000000000000000000000000000000000000000000000000002403201700000000            000000000000000                              000                           
0010001300041T 090180230000001544772 29577050027948865   7279006         24122016000000000007500001012416279006                   0900000000000000000000000000000000000000000000000000000   000000000000000000000010009        170192957705     
0010001300042U 090000000000000000000000000000000000000000000000000000000000000000000000000000000000000000000000000000000000000000000000002403201700000000            000000000000000                              000                           
0010001300043T 090180230000001544772 29577050028039965   7280358         24122016000000000007500001000213280358                   0900000000000000000000000000000000000000000000000000000   000000000000000000000010009        170192957705     
0010001300044U 090000000000000000000000000000000000000000000000000000000000000000000000000000000000000000000000000000000000000000000000002403201700000000            000000000000000                              000                           
0010001300045T 090180230000001544772 29577050028350178   7283775         2412201600000000000750000103049X283775                   0900000000000000000000000000000000000000000000000000000   000000000000000000000010009        170192957705     
0010001300046U 090000000000000000000000000000000000000000000000000000000000000000000000000000000000000000000000000000000000000000000000002403201700000000            000000000000000                              000                           
0010001300047T 090180230000001544772 29577050028727571   7287502         2412201600000000001000000103049X287502                   0900000000000000000000000000000000000000000000000000000   000000000000000000000010009        170192957705     
0010001300048U 090000000000000000000000000000000000000000000000000000000000000000000000000000000000000000000000000000000000000000000000002403201700000000            000000000000000                              000                           
0010001300049T 090180230000001544772 29577050029056302   7290999         24122016000000000010000001000213290999                   0900000000000000000000000000000000000000000000000000000   000000000000000000000010009        170192957705     
0010001300050U 090000000000000000000000000000000000000000000000000000000000000000000000000000000000000000000000000000000000000000000000002403201700000000            000000000000000                              000                           
0010001300051T 090180230000001544772 29577050029238075   7292183         24122016000000000007500001000213292183                   0900000000000000000000000000000000000000000000000000000   000000000000000000000010009        170192957705     
0010001300052U 090000000000000000000000000000000000000000000000000000000000000000000000000000000000000000000000000000000000000000000000002403201700000000            000000000000000                              000                           
0010001300053T 090180230000001544772 29577050029320674   7293450         24122016000000000007500001000213293450                   0900000000000000000000000000000000000000000000000000000   000000000000000000000010009        170192957705     
0010001300054U 090000000000000000000000000000000000000000000000000000000000000000000000000000000000000000000000000000000000000000000000002403201700000000            000000000000000                              000                           
0010001300055T 090180230000001544772 29577050029513396   7295615         24122016000000000007500001009245295615                   0900000000000000000000000000000000000000000000000000000   000000000000000000000010009        170192957705     
0010001300056U 090000000000000000000000000000000000000000000000000000000000000000000000000000000000000000000000000000000000000000000000002403201700000000            000000000000000                              000                           
0010001300057T 090180230000001544772 29577050029651338   7296377         24122016000000000010000001000213296377                   0900000000000000000000000000000000000000000000000000000   000000000000000000000010009        170192957705     
0010001300058U 090000000000000000000000000000000000000000000000000000000000000000000000000000000000000000000000000000000000000000000000002403201700000000            000000000000000                              000                           
0010001300059T 090180230000001544772 29577050029701036   7297084         24122016000000000007500001012408297084                   0900000000000000000000000000000000000000000000000000000   000000000000000000000010009        170192957705     
0010001300060U 090000000000000000000000000000000000000000000000000000000000000000000000000000000000000000000000000000000000000000000000002403201700000000            000000000000000                              000                           
0010001300061T 090180230000001544772 29577050029715169   7297631         24122016000000000007500001012408297631                   0900000000000000000000000000000000000000000000000000000   000000000000000000000010009        170192957705     
0010001300062U 090000000000000000000000000000000000000000000000000000000000000000000000000000000000000000000000000000000000000000000000002403201700000000            000000000000000                              000                           
0010001300063T 090180230000001544772 29577050029832838   7298988         24122016000000000007500001012408298988                   0900000000000000000000000000000000000000000000000000000   000000000000000000000010009        170192957705     
0010001300064U 090000000000000000000000000000000000000000000000000000000000000000000000000000000000000000000000000000000000000000000000002403201700000000            000000000000000                              000                           
0010001300065T 090180230000001544772 29577050029906527   7299004         24122016000000000007500001012408299004                   0900000000000000000000000000000000000000000000000000000   000000000000000000000010009        170192957705     
0010001300066U 090000000000000000000000000000000000000000000000000000000000000000000000000000000000000000000000000000000000000000000000002403201700000000            000000000000000                              000                           
0010001300067T 090180230000001544772 29577050030116427   7301382         24122016000000000007500001012408301382                   0900000000000000000000000000000000000000000000000000000   000000000000000000000010009        170192957705     
0010001300068U 090000000000000000000000000000000000000000000000000000000000000000000000000000000000000000000000000000000000000000000000002403201700000000            000000000000000                              000                           
0010001300069T 090180230000001544772 29577050030211929   7302623         24122016000000000010000001000213302623                   0900000000000000000000000000000000000000000000000000000   000000000000000000000010009        170192957705     
0010001300070U 090000000000000000000000000000000000000000000000000000000000000000000000000000000000000000000000000000000000000000000000002403201700000000            000000000000000                              000                           
0010001300071T 090180230000001544772 29577050030354462   7303263         24122016000000000007500001012408303263                   0900000000000000000000000000000000000000000000000000000   000000000000000000000010009        170192957705     
0010001300072U 090000000000000000000000000000000000000000000000000000000000000000000000000000000000000000000000000000000000000000000000002403201700000000            000000000000000                              000                           
0010001300073T 090180230000001544772 29577050030404975   7304864         24122016000000000007500001036900304864                   0900000000000000000000000000000000000000000000000000000   000000000000000000000010009        170192957705     
0010001300074U 090000000000000000000000000000000000000000000000000000000000000000000000000000000000000000000000000000000000000000000000002403201700000000            000000000000000                              000                           
0010001300075T 090180230000001544772 29577050030556067   7305925         24122016000000000007500001000213305925                   0900000000000000000000000000000000000000000000000000000   000000000000000000000010009        170192957705     
0010001300076U 090000000000000000000000000000000000000000000000000000000000000000000000000000000000000000000000000000000000000000000000002403201700000000            000000000000000                              000                           
0010001300077T 090180230000001544772 29577050030957259   7309523         24122016000000000007500001012408309523                   0900000000000000000000000000000000000000000000000000000   000000000000000000000010009        170192957705     
0010001300078U 090000000000000000000000000000000000000000000000000000000000000000000000000000000000000000000000000000000000000000000000002403201700000000            000000000000000                              000                           
0010001300079T 280180230000001544772 29577050033826461   7               22022017000000000007500001000000                         0900000000000000000000000000000000000000000000000000000   000000000000000000000005002        170192957705     
0010001300080U 280000000000000000000000000000000000000000000000000000000000000000000000000000000000000000000000000000000000000000000000002403201700000000            000000000000000                              000                           
0010001300081T 280180230000001544772 29577050080822563   788888888888889923012017000000000007500001000000888888888888899          0900000000000000000000000000000000000000000000000000000   000000000000000000000005002        170192957705     
0010001300082U 280000000000000000000000000000000000000000000000000000000000000000000000000000000000000000000000000000000000000000000000002403201700000000            000000000000000                              000                           
0010001300083T 280180230000001544772 29577050086945737   7               22022017000000000007500001000000                         0900000000000000000000000000000000000000000000000000000   000000000000000000000005002        170192957705     
0010001300084U 280000000000000000000000000000000000000000000000000000000000000000000000000000000000000000000000000000000000000000000000002403201700000000            000000000000000                              000                           
0010001300085T 280180230000001544772 29577050122542229   788888888888889923012017000000000007500001000000888888888888899          0900000000000000000000000000000000000000000000000000000   000000000000000000000005002        170192957705     
0010001300086U 280000000000000000000000000000000000000000000000000000000000000000000000000000000000000000000000000000000000000000000000002403201700000000            000000000000000                              000                           
0010001300087T 280180230000001544772 29577050128043707   7               22022017000000000007500001000000                         0900000000000000000000000000000000000000000000000000000   000000000000000000000005002        170192957705     
0010001300088U 280000000000000000000000000000000000000000000000000000000000000000000000000000000000000000000000000000000000000000000000002403201700000000            000000000000000                              000                           
0010001300089T 280180230000001544772 29577050135703796   788888888888889923012017000000000007500001000000888888888888899          0900000000000000000000000000000000000000000000000000000   000000000000000000000005002        170192957705     
0010001300090U 280000000000000000000000000000000000000000000000000000000000000000000000000000000000000000000000000000000000000000000000002403201700000000            000000000000000                              000                           
0010001300091T 280180230000001544772 29577050135704133   788888888888889923012017000000000007500001000000888888888888899          0900000000000000000000000000000000000000000000000000000   000000000000000000000005002        170192957705     
0010001300092U 280000000000000000000000000000000000000000000000000000000000000000000000000000000000000000000000000000000000000000000000002403201700000000            000000000000000                              000                           
0010001300093T 280180230000001544772 29577050135740183   788888888888889923012017000000000007500001000000888888888888899          0900000000000000000000000000000000000000000000000000000   000000000000000000000005002        170192957705     
0010001300094U 280000000000000000000000000000000000000000000000000000000000000000000000000000000000000000000000000000000000000000000000002403201700000000            000000000000000                              000                           
0010001300095T 280180230000001544772 29577050135744089   788888888888889923012017000000000007500001000000888888888888899          0900000000000000000000000000000000000000000000000000000   000000000000000000000005002        170192957705     
0010001300096U 280000000000000000000000000000000000000000000000000000000000000000000000000000000000000000000000000000000000000000000000002403201700000000            000000000000000                              000                           
0010001300097T 280180230000001544772 29577050135754614   788888888888889923012017000000000007500001000000888888888888899          0900000000000000000000000000000000000000000000000000000   000000000000000000000005002        170192957705     
0010001300098U 280000000000000000000000000000000000000000000000000000000000000000000000000000000000000000000000000000000000000000000000002403201700000000            000000000000000                              000                           
0010001300099T 280180230000001544772 29577050155834371   7               22022017000000000007500001000000                         0900000000000000000000000000000000000000000000000000000   000000000000000000000005002        170192957705     
0010001300100U 280000000000000000000000000000000000000000000000000000000000000000000000000000000000000000000000000000000000000000000000002403201700000000            000000000000000                              000                           
0010001300101T 280180230000001544772 29577050156800263   7               22022017000000000007500001000000                         0900000000000000000000000000000000000000000000000000000   000000000000000000000005002        170192957705     
0010001300102U 280000000000000000000000000000000000000000000000000000000000000000000000000000000000000000000000000000000000000000000000002403201700000000            000000000000000                              000                           
0010001300103T 280180230000001544772 29577050174500026   7               22022017000000000007500001000000                         0900000000000000000000000000000000000000000000000000000   000000000000000000000005002        170192957705     
0010001300104U 280000000000000000000000000000000000000000000000000000000000000000000000000000000000000000000000000000000000000000000000002403201700000000            000000000000000                              000                           
0010001300105T 280180230000001544772 29577050186441483   7               22022017000000000007500001000000                         0900000000000000000000000000000000000000000000000000000   000000000000000000000005002        170192957705     
0010001300106U 280000000000000000000000000000000000000000000000000000000000000000000000000000000000000000000000000000000000000000000000002403201700000000            000000000000000                              000                           
0010001300107T 280180230000001544772 29577050190413878   788888888888889923012017000000000007500001000000888888888888899          0900000000000000000000000000000000000000000000000000000   000000000000000000000005002        170192957705     
0010001300108U 280000000000000000000000000000000000000000000000000000000000000000000000000000000000000000000000000000000000000000000000002403201700000000            000000000000000                              000                           
0010001300109T 280180230000001544772 29577050190849458   7               22022017000000000007500001000000                         0900000000000000000000000000000000000000000000000000000   000000000000000000000005002        170192957705     
0010001300110U 280000000000000000000000000000000000000000000000000000000000000000000000000000000000000000000000000000000000000000000000002403201700000000            000000000000000                              000                           
0010001300111T 280180230000001544772 29577050207547816   7               22022017000000000007500001000000                         0900000000000000000000000000000000000000000000000000000   000000000000000000000005002        170192957705     
0010001300112U 280000000000000000000000000000000000000000000000000000000000000000000000000000000000000000000000000000000000000000000000002403201700000000            000000000000000                              000                           
0010001300113T 280180230000001544772 29577050208331704   7               22022017000000000007500001000000                         0900000000000000000000000000000000000000000000000000000   000000000000000000000005002        170192957705     
0010001300114U 280000000000000000000000000000000000000000000000000000000000000000000000000000000000000000000000000000000000000000000000002403201700000000            000000000000000                              000                           
0010001300115T 280180230000001544772 29577050241028521   7               22022017000000000007500001000000                         0900000000000000000000000000000000000000000000000000000   000000000000000000000005002        170192957705     
0010001300116U 280000000000000000000000000000000000000000000000000000000000000000000000000000000000000000000000000000000000000000000000002403201700000000            000000000000000                              000                           
0010001300117T 280180230000001544772 29577050241037299   788888888888889923012017000000000007500001000000888888888888899          0900000000000000000000000000000000000000000000000000000   000000000000000000000005002        170192957705     
0010001300118U 280000000000000000000000000000000000000000000000000000000000000000000000000000000000000000000000000000000000000000000000002403201700000000            000000000000000                              000                           
0010001300119T 280180230000001544772 29577050255429978   788888888888889923012017000000000007500001000000888888888888899          0900000000000000000000000000000000000000000000000000000   000000000000000000000005002        170192957705     
0010001300120U 280000000000000000000000000000000000000000000000000000000000000000000000000000000000000000000000000000000000000000000000002403201700000000            000000000000000                              000                           
0010001300121T 280180230000001544772 29577050257228404   788888888888889923012017000000000007500001000000888888888888899          0900000000000000000000000000000000000000000000000000000   000000000000000000000005002        170192957705     
0010001300122U 280000000000000000000000000000000000000000000000000000000000000000000000000000000000000000000000000000000000000000000000002403201700000000            000000000000000                              000                           
0010001300123T 280180230000001544772 29577050258039223   788888888888889923012017000000000007500001000000888888888888899          0900000000000000000000000000000000000000000000000000000   000000000000000000000005002        170192957705     
0010001300124U 280000000000000000000000000000000000000000000000000000000000000000000000000000000000000000000000000000000000000000000000002403201700000000            000000000000000                              000                           
0010001300125T 280180230000001544772 29577050265029847   7               22022017000000000007500001000000                         0900000000000000000000000000000000000000000000000000000   000000000000000000000005002        170192957705     
0010001300126U 280000000000000000000000000000000000000000000000000000000000000000000000000000000000000000000000000000000000000000000000002403201700000000            000000000000000                              000                           
0010001300127T 280180230000001544772 29577050265409894   7               22022017000000000007500001000000                         0900000000000000000000000000000000000000000000000000000   000000000000000000000005002        170192957705     
0010001300128U 280000000000000000000000000000000000000000000000000000000000000000000000000000000000000000000000000000000000000000000000002403201700000000            000000000000000                              000                           
0010001300129T 280180230000001544772 29577050265438215   7               22022017000000000007500001000000                         0900000000000000000000000000000000000000000000000000000   000000000000000000000005002        170192957705     
0010001300130U 280000000000000000000000000000000000000000000000000000000000000000000000000000000000000000000000000000000000000000000000002403201700000000            000000000000000                              000                           
0010001300131T 280180230000001544772 29577050265453440   7               22022017000000000007500001000000                         0900000000000000000000000000000000000000000000000000000   000000000000000000000005002        170192957705     
0010001300132U 280000000000000000000000000000000000000000000000000000000000000000000000000000000000000000000000000000000000000000000000002403201700000000            000000000000000                              000                           
0010001300133T 280180230000001544772 29577050272000166   788888888888889923012017000000000007500001000000888888888888899          0900000000000000000000000000000000000000000000000000000   000000000000000000000005002        170192957705     
0010001300134U 280000000000000000000000000000000000000000000000000000000000000000000000000000000000000000000000000000000000000000000000002403201700000000            000000000000000                              000                           
0010001300135T 280180230000001544772 29577050273554984   788888888888889923012017000000000007500001000000888888888888899          0900000000000000000000000000000000000000000000000000000   000000000000000000000005002        170192957705     
0010001300136U 280000000000000000000000000000000000000000000000000000000000000000000000000000000000000000000000000000000000000000000000002403201700000000            000000000000000                              000                           
0010001300137T 280180230000001544772 29577050274414926   7               22022017000000000007500001000000                         0900000000000000000000000000000000000000000000000000000   000000000000000000000005002        170192957705     
0010001300138U 280000000000000000000000000000000000000000000000000000000000000000000000000000000000000000000000000000000000000000000000002403201700000000            000000000000000                              000                           
0010001300139T 280180230000001544772 29577050274646588   7               22022017000000000007500001000000                         0900000000000000000000000000000000000000000000000000000   000000000000000000000005002        170192957705     
0010001300140U 280000000000000000000000000000000000000000000000000000000000000000000000000000000000000000000000000000000000000000000000002403201700000000            000000000000000                              000                           
0010001300141T 280180230000001544772 29577050278117602   788888888888889923012017000000000007500001000000888888888888899          0900000000000000000000000000000000000000000000000000000   000000000000000000000005002        170192957705     
0010001300142U 280000000000000000000000000000000000000000000000000000000000000000000000000000000000000000000000000000000000000000000000002403201700000000            000000000000000                              000                           
0010001300143T 280180230000001544772 29577050282316779   788888888888889923012017000000000007500001000000888888888888899          0900000000000000000000000000000000000000000000000000000   000000000000000000000005002        170192957705     
0010001300144U 280000000000000000000000000000000000000000000000000000000000000000000000000000000000000000000000000000000000000000000000002403201700000000            000000000000000                              000                           
0010001300145T 280180230000001544772 29577050282401413   788888888888889923012017000000000007500001000000888888888888899          0900000000000000000000000000000000000000000000000000000   000000000000000000000005002        170192957705     
0010001300146U 280000000000000000000000000000000000000000000000000000000000000000000000000000000000000000000000000000000000000000000000002403201700000000            000000000000000                              000                           
0010001300147T 280180230000001544772 29577050282526284   788888888888889923012017000000000007500001000000888888888888899          0900000000000000000000000000000000000000000000000000000   000000000000000000000005002        170192957705     
0010001300148U 280000000000000000000000000000000000000000000000000000000000000000000000000000000000000000000000000000000000000000000000002403201700000000            000000000000000                              000                           
0010001300149T 280180230000001544772 29577050282656700   788888888888889923012017000000000007500001000000888888888888899          0900000000000000000000000000000000000000000000000000000   000000000000000000000005002        170192957705     
0010001300150U 280000000000000000000000000000000000000000000000000000000000000000000000000000000000000000000000000000000000000000000000002403201700000000            000000000000000                              000                           
0010001300151T 280180230000001544772 29577050282726160   788888888888889923012017000000000007500001000000888888888888899          0900000000000000000000000000000000000000000000000000000   000000000000000000000005002        170192957705     
0010001300152U 280000000000000000000000000000000000000000000000000000000000000000000000000000000000000000000000000000000000000000000000002403201700000000            000000000000000                              000                           
0010001300153T 280180230000001544772 29577050282825902   788888888888889923012017000000000007500001000000888888888888899          0900000000000000000000000000000000000000000000000000000   000000000000000000000005002        170192957705     
0010001300154U 280000000000000000000000000000000000000000000000000000000000000000000000000000000000000000000000000000000000000000000000002403201700000000            000000000000000                              000                           
0010001300155T 280180230000001544772 29577050284551965   7               22022017000000000007500001000000                         0900000000000000000000000000000000000000000000000000000   000000000000000000000005002        170192957705     
0010001300156U 280000000000000000000000000000000000000000000000000000000000000000000000000000000000000000000000000000000000000000000000002403201700000000            000000000000000                              000                           
0010001300157T 280180230000001544772 29577050319355960   7               22022017000000000007500001000000                         0900000000000000000000000000000000000000000000000000000   000000000000000000000005002        170192957705     
0010001300158U 280000000000000000000000000000000000000000000000000000000000000000000000000000000000000000000000000000000000000000000000002403201700000000            000000000000000                              000                           
0010001300159T 280180230000001544772 29577050321439967   7               22022017000000000007500001000000                         0900000000000000000000000000000000000000000000000000000   000000000000000000000005002        170192957705     
0010001300160U 280000000000000000000000000000000000000000000000000000000000000000000000000000000000000000000000000000000000000000000000002403201700000000            000000000000000                              000                           
0010001300161T 280180230000001544772 29577050361827737   7               22022017000000000007500001000000                         0900000000000000000000000000000000000000000000000000000   000000000000000000000005002        170192957705     
0010001300162U 280000000000000000000000000000000000000000000000000000000000000000000000000000000000000000000000000000000000000000000000002403201700000000            000000000000000                              000                           
0010001300163T 280180230000001544772 29577050362310982   7               22022017000000000007500001000000                         0900000000000000000000000000000000000000000000000000000   000000000000000000000005002        170192957705     
0010001300164U 280000000000000000000000000000000000000000000000000000000000000000000000000000000000000000000000000000000000000000000000002403201700000000            000000000000000                              000                           
0010001300165T 280180230000001544772 29577050362338839   7               22022017000000000007500001000000                         0900000000000000000000000000000000000000000000000000000   000000000000000000000005002        170192957705     
0010001300166U 280000000000000000000000000000000000000000000000000000000000000000000000000000000000000000000000000000000000000000000000002403201700000000            000000000000000                              000                           
0010001300167T 280180230000001544772 29577050396344381   7               22022017000000000007500001000000                         0900000000000000000000000000000000000000000000000000000   000000000000000000000005002        170192957705     
0010001300168U 280000000000000000000000000000000000000000000000000000000000000000000000000000000000000000000000000000000000000000000000002403201700000000            000000000000000                              000                           
0010001300169T 280180230000001544772 29577050422220928   7               22022017000000000007500001000000                         0900000000000000000000000000000000000000000000000000000   000000000000000000000005002        170192957705     
0010001300170U 280000000000000000000000000000000000000000000000000000000000000000000000000000000000000000000000000000000000000000000000002403201700000000            000000000000000                              000                           
0010001300171T 280180230000001544772 29577050422404573   7               22022017000000000007500001000000                         0900000000000000000000000000000000000000000000000000000   000000000000000000000005002        170192957705     
0010001300172U 280000000000000000000000000000000000000000000000000000000000000000000000000000000000000000000000000000000000000000000000002403201700000000            000000000000000                              000                           
0010001300173T 280180230000001544772 29577050423255152   7               22022017000000000007500001000000                         0900000000000000000000000000000000000000000000000000000   000000000000000000000005002        170192957705     
0010001300174U 280000000000000000000000000000000000000000000000000000000000000000000000000000000000000000000000000000000000000000000000002403201700000000            000000000000000                              000                           
0010001300175T 280180230000001544772 29577050423503520   7               22022017000000000007500001000000                         0900000000000000000000000000000000000000000000000000000   000000000000000000000005002        170192957705     
0010001300176U 280000000000000000000000000000000000000000000000000000000000000000000000000000000000000000000000000000000000000000000000002403201700000000            000000000000000                              000                           
0010001300177T 280180230000001544772 29577050423650756   7               22022017000000000007500001000000                         0900000000000000000000000000000000000000000000000000000   000000000000000000000005002        170192957705     
0010001300178U 280000000000000000000000000000000000000000000000000000000000000000000000000000000000000000000000000000000000000000000000002403201700000000            000000000000000                              000                           
0010001300179T 280180230000001544772 29577050424201966   7               22022017000000000007500001000000                         0900000000000000000000000000000000000000000000000000000   000000000000000000000005002        170192957705     
0010001300180U 280000000000000000000000000000000000000000000000000000000000000000000000000000000000000000000000000000000000000000000000002403201700000000            000000000000000                              000                           
0010001300181T 280180230000001544772 29577050428927465   7               22022017000000000007500001000000                         0900000000000000000000000000000000000000000000000000000   000000000000000000000005002        170192957705     
0010001300182U 280000000000000000000000000000000000000000000000000000000000000000000000000000000000000000000000000000000000000000000000002403201700000000            000000000000000                              000                           
0010001300183T 280180230000001544772 29577050432813996   7               22022017000000000007500001000000                         0900000000000000000000000000000000000000000000000000000   000000000000000000000005002        170192957705     
0010001300184U 280000000000000000000000000000000000000000000000000000000000000000000000000000000000000000000000000000000000000000000000002403201700000000            000000000000000                              000                           
0010001300185T 280180230000001544772 29577050432824512   7               22022017000000000007500001000000                         0900000000000000000000000000000000000000000000000000000   000000000000000000000005002        170192957705     
0010001300186U 280000000000000000000000000000000000000000000000000000000000000000000000000000000000000000000000000000000000000000000000002403201700000000            000000000000000                              000                           
0010001300187T 280180230000001544772 29577050432854546   7               22022017000000000007500001000000                         0900000000000000000000000000000000000000000000000000000   000000000000000000000005002        170192957705     
0010001300188U 280000000000000000000000000000000000000000000000000000000000000000000000000000000000000000000000000000000000000000000000002403201700000000            000000000000000                              000                           
0010001300189T 280180230000001544772 29577050440444571   7               22022017000000000007500001000000                         0900000000000000000000000000000000000000000000000000000   000000000000000000000005002        170192957705     
0010001300190U 280000000000000000000000000000000000000000000000000000000000000000000000000000000000000000000000000000000000000000000000002403201700000000            000000000000000                              000                           
0010001300191T 280180230000001544772 29577050459227393   7               22022017000000000007500001000000                         0900000000000000000000000000000000000000000000000000000   000000000000000000000005002        170192957705     
0010001300192U 280000000000000000000000000000000000000000000000000000000000000000000000000000000000000000000000000000000000000000000000002403201700000000            000000000000000                              000                           
0010001300193T 280180230000001544772 29577050490738274   7               22022017000000000007500001000000                         0900000000000000000000000000000000000000000000000000000   000000000000000000000005002        170192957705     
0010001300194U 280000000000000000000000000000000000000000000000000000000000000000000000000000000000000000000000000000000000000000000000002403201700000000            000000000000000                              000                           
0010001300195T 280180230000001544772 29577050490741550   7               22022017000000000007500001000000                         0900000000000000000000000000000000000000000000000000000   000000000000000000000005002        170192957705     
0010001300196U 280000000000000000000000000000000000000000000000000000000000000000000000000000000000000000000000000000000000000000000000002403201700000000            000000000000000                              000                           
0010001300197T 280180230000001544772 29577050490757461   7               22022017000000000007500001000000                         0900000000000000000000000000000000000000000000000000000   000000000000000000000005002        170192957705     
0010001300198U 280000000000000000000000000000000000000000000000000000000000000000000000000000000000000000000000000000000000000000000000002403201700000000            000000000000000                              000                           
0010001300199T 280180230000001544772 29577050497212953   7               22022017000000000007500001000000                         0900000000000000000000000000000000000000000000000000000   000000000000000000000005002        170192957705     
0010001300200U 280000000000000000000000000000000000000000000000000000000000000000000000000000000000000000000000000000000000000000000000002403201700000000            000000000000000                              000                           
0010001300201T 280180230000001544772 29577050510607785   7               22022017000000000007500001000000                         0900000000000000000000000000000000000000000000000000000   000000000000000000000005002        170192957705     
0010001300202U 280000000000000000000000000000000000000000000000000000000000000000000000000000000000000000000000000000000000000000000000002403201700000000            000000000000000                              000                           
0010001300203T 280180230000001544772 29577050515523561   7               22022017000000000007500001000000                         0900000000000000000000000000000000000000000000000000000   000000000000000000000005002        170192957705     
0010001300204U 280000000000000000000000000000000000000000000000000000000000000000000000000000000000000000000000000000000000000000000000002403201700000000            000000000000000                              000                           
0010001300205T 280180230000001544772 29577050517306222   7               22022017000000000007500001000000                         0900000000000000000000000000000000000000000000000000000   000000000000000000000005002        170192957705     
0010001300206U 280000000000000000000000000000000000000000000000000000000000000000000000000000000000000000000000000000000000000000000000002403201700000000            000000000000000                              000                           
0010001300207T 280180230000001544772 29577050529421359   7               22022017000000000007500001000000                         0900000000000000000000000000000000000000000000000000000   000000000000000000000005002        170192957705     
0010001300208U 280000000000000000000000000000000000000000000000000000000000000000000000000000000000000000000000000000000000000000000000002403201700000000            000000000000000                              000                           
0010001300209T 280180230000001544772 29577050534455737   7               22022017000000000007500001000000                         0900000000000000000000000000000000000000000000000000000   000000000000000000000005002        170192957705     
0010001300210U 280000000000000000000000000000000000000000000000000000000000000000000000000000000000000000000000000000000000000000000000002403201700000000            000000000000000                              000                           
0010001300211T 280180230000001544772 29577050546036599   7               22022017000000000010000001000000                         0900000000000000000000000000000000000000000000000000000   000000000000000000000005002        170192957705     
0010001300212U 280000000000000000000000000000000000000000000000000000000000000000000000000000000000000000000000000000000000000000000000002403201700000000            000000000000000                              000                           
0010001300213T 280180230000001544772 29577050587432936   7               22022017000000000007500001000000                         0900000000000000000000000000000000000000000000000000000   000000000000000000000005002        170192957705     
0010001300214U 280000000000000000000000000000000000000000000000000000000000000000000000000000000000000000000000000000000000000000000000002403201700000000            000000000000000                              000                           
0010001300215T 280180230000001544772 29577050662700186   7               22022017000000000007500001000000                         0900000000000000000000000000000000000000000000000000000   000000000000000000000005002        170192957705     
0010001300216U 280000000000000000000000000000000000000000000000000000000000000000000000000000000000000000000000000000000000000000000000002403201700000000            000000000000000                              000                           
0010001300217T 280180230000001544772 29577050662721629   7               22022017000000000007500001000000                         0900000000000000000000000000000000000000000000000000000   000000000000000000000005002        170192957705     
0010001300218U 280000000000000000000000000000000000000000000000000000000000000000000000000000000000000000000000000000000000000000000000002403201700000000            000000000000000                              000                           
0010001300219T 280180230000001544772 29577050662729203   7               22022017000000000007500001000000                         0900000000000000000000000000000000000000000000000000000   000000000000000000000005002        170192957705     
0010001300220U 280000000000000000000000000000000000000000000000000000000000000000000000000000000000000000000000000000000000000000000000002403201700000000            000000000000000                              000                           
0010001300221T 280180230000001544772 29577050662752843   7               22022017000000000007500001000000                         0900000000000000000000000000000000000000000000000000000   000000000000000000000005002        170192957705     
0010001300222U 280000000000000000000000000000000000000000000000000000000000000000000000000000000000000000000000000000000000000000000000002403201700000000            000000000000000                              000                           
0010001300223T 280180230000001544772 29577050663511440   7               22022017000000000007500001000000                         0900000000000000000000000000000000000000000000000000000   000000000000000000000005002        170192957705     
0010001300224U 280000000000000000000000000000000000000000000000000000000000000000000000000000000000000000000000000000000000000000000000002403201700000000            000000000000000                              000                           
0010001300225T 280180230000001544772 29577050663512964   7               22022017000000000007500001000000                         0900000000000000000000000000000000000000000000000000000   000000000000000000000005002        170192957705     
0010001300226U 280000000000000000000000000000000000000000000000000000000000000000000000000000000000000000000000000000000000000000000000002403201700000000            000000000000000                              000                           
0010001300227T 280180230000001544772 29577050703400177   7               22022017000000000007500001000000                         0900000000000000000000000000000000000000000000000000000   000000000000000000000005002        170192957705     
0010001300228U 280000000000000000000000000000000000000000000000000000000000000000000000000000000000000000000000000000000000000000000000002403201700000000            000000000000000                              000                           
0010001300229T 280180230000001544772 29577050724537133   7               22022017000000000007500001000000                         0900000000000000000000000000000000000000000000000000000   000000000000000000000005002        170192957705     
0010001300230U 280000000000000000000000000000000000000000000000000000000000000000000000000000000000000000000000000000000000000000000000002403201700000000            000000000000000                              000                           
0010001300231T 280180230000001544772 29577050750626558   7               22022017000000000007500001000000                         0900000000000000000000000000000000000000000000000000000   000000000000000000000005002        170192957705     
0010001300232U 280000000000000000000000000000000000000000000000000000000000000000000000000000000000000000000000000000000000000000000000002403201700000000            000000000000000                              000                           
0010001300233T 280180230000001544772 29577050753100938   7               22022017000000000007500001000000                         0900000000000000000000000000000000000000000000000000000   000000000000000000000005002        170192957705     
0010001300234U 280000000000000000000000000000000000000000000000000000000000000000000000000000000000000000000000000000000000000000000000002403201700000000            000000000000000                              000                           
0010001300235T 280180230000001544772 29577050776517863   7               22022017000000000007500001000000                         0900000000000000000000000000000000000000000000000000000   000000000000000000000005002        170192957705     
0010001300236U 280000000000000000000000000000000000000000000000000000000000000000000000000000000000000000000000000000000000000000000000002403201700000000            000000000000000                              000                           
0010001300237T 280180230000001544772 29577050784604884   7               22022017000000000010000001000000                         0900000000000000000000000000000000000000000000000000000   000000000000000000000005002        170192957705     
0010001300238U 280000000000000000000000000000000000000000000000000000000000000000000000000000000000000000000000000000000000000000000000002403201700000000            000000000000000                              000                           
0010001300239T 280180230000001544772 29577050794815927   7               22022017000000000007500001000000                         0900000000000000000000000000000000000000000000000000000   000000000000000000000005002        170192957705     
0010001300240U 280000000000000000000000000000000000000000000000000000000000000000000000000000000000000000000000000000000000000000000000002403201700000000            000000000000000                              000                           
0010001300241T 280180230000001544772 29577050795107231   7               22022017000000000007500001000000                         0900000000000000000000000000000000000000000000000000000   000000000000000000000005002        170192957705     
0010001300242U 280000000000000000000000000000000000000000000000000000000000000000000000000000000000000000000000000000000000000000000000002403201700000000            000000000000000                              000                           
0010001300243T 280180230000001544772 29577050795752793   7               22022017000000000007500001000000                         0900000000000000000000000000000000000000000000000000000   000000000000000000000005002        170192957705     
0010001300244U 280000000000000000000000000000000000000000000000000000000000000000000000000000000000000000000000000000000000000000000000002403201700000000            000000000000000                              000                           
0010001300245T 280180230000001544772 29577050795820480   7               22022017000000000007500001000000                         0900000000000000000000000000000000000000000000000000000   000000000000000000000005002        170192957705     
0010001300246U 280000000000000000000000000000000000000000000000000000000000000000000000000000000000000000000000000000000000000000000000002403201700000000            000000000000000                              000                           
0010001300247T 280180230000001544772 29577050796552491   7               22022017000000000007500001000000                         0900000000000000000000000000000000000000000000000000000   000000000000000000000005002        170192957705     
0010001300248U 280000000000000000000000000000000000000000000000000000000000000000000000000000000000000000000000000000000000000000000000002403201700000000            000000000000000                              000                           
0010001300249T 280180230000001544772 29577050797158799   7               22022017000000000007500001000000                         0900000000000000000000000000000000000000000000000000000   000000000000000000000005002        170192957705     
0010001300250U 280000000000000000000000000000000000000000000000000000000000000000000000000000000000000000000000000000000000000000000000002403201700000000            000000000000000                              000                           
0010001300251T 280180230000001544772 29577050797354379   7               22022017000000000007500001000000                         0900000000000000000000000000000000000000000000000000000   000000000000000000000005002        170192957705     
0010001300252U 280000000000000000000000000000000000000000000000000000000000000000000000000000000000000000000000000000000000000000000000002403201700000000            000000000000000                              000                           
0010001300253T 280180230000001544772 29577050797704188   7               22022017000000000007500001000000                         0900000000000000000000000000000000000000000000000000000   000000000000000000000005002        170192957705     
0010001300254U 280000000000000000000000000000000000000000000000000000000000000000000000000000000000000000000000000000000000000000000000002403201700000000            000000000000000                              000                           
0010001300255T 280180230000001544772 29577050799841352   7               22022017000000000007500001000000                         0900000000000000000000000000000000000000000000000000000   000000000000000000000005002        170192957705     
0010001300256U 280000000000000000000000000000000000000000000000000000000000000000000000000000000000000000000000000000000000000000000000002403201700000000            000000000000000                              000                           
0010001300257T 280180230000001544772 29577050799859461   7               22022017000000000007500001000000                         0900000000000000000000000000000000000000000000000000000   000000000000000000000005002        170192957705     
0010001300258U 280000000000000000000000000000000000000000000000000000000000000000000000000000000000000000000000000000000000000000000000002403201700000000            000000000000000                              000                           
0010001300259T 280180230000001544772 29577050800609314   7               22022017000000000007500001000000                         0900000000000000000000000000000000000000000000000000000   000000000000000000000005002        170192957705     
0010001300260U 280000000000000000000000000000000000000000000000000000000000000000000000000000000000000000000000000000000000000000000000002403201700000000            000000000000000                              000                           
0010001300261T 280180230000001544772 29577050801053594   7               22022017000000000007500001000000                         0900000000000000000000000000000000000000000000000000000   000000000000000000000005002        170192957705     
0010001300262U 280000000000000000000000000000000000000000000000000000000000000000000000000000000000000000000000000000000000000000000000002403201700000000            000000000000000                              000                           
0010001300263T 280180230000001544772 29577050801505569   7               22022017000000000010000001000000                         0900000000000000000000000000000000000000000000000000000   000000000000000000000005002        170192957705     
0010001300264U 280000000000000000000000000000000000000000000000000000000000000000000000000000000000000000000000000000000000000000000000002403201700000000            000000000000000                              000                           
0010001300265T 280180230000001544772 29577050801641552   7               22022017000000000007500001000000                         0900000000000000000000000000000000000000000000000000000   000000000000000000000005002        170192957705     
0010001300266U 280000000000000000000000000000000000000000000000000000000000000000000000000000000000000000000000000000000000000000000000002403201700000000            000000000000000                              000                           
0010001300267T 280180230000001544772 29577050803021805   7               22022017000000000007500001000000                         0900000000000000000000000000000000000000000000000000000   000000000000000000000005002        170192957705     
0010001300268U 280000000000000000000000000000000000000000000000000000000000000000000000000000000000000000000000000000000000000000000000002403201700000000            000000000000000                              000                           
0010001300269T 280180230000001544772 29577050803154226   7               22022017000000000007500001000000                         0900000000000000000000000000000000000000000000000000000   000000000000000000000005002        170192957705     
0010001300270U 280000000000000000000000000000000000000000000000000000000000000000000000000000000000000000000000000000000000000000000000002403201700000000            000000000000000                              000                           
0010001300271T 280180230000001544772 29577050803444547   7               22022017000000000007500001000000                         0900000000000000000000000000000000000000000000000000000   000000000000000000000005002        170192957705     
0010001300272U 280000000000000000000000000000000000000000000000000000000000000000000000000000000000000000000000000000000000000000000000002403201700000000            000000000000000                              000                           
0010001300273T 280180230000001544772 29577050803504686   7               22022017000000000007500001000000                         0900000000000000000000000000000000000000000000000000000   000000000000000000000005002        170192957705     
0010001300274U 280000000000000000000000000000000000000000000000000000000000000000000000000000000000000000000000000000000000000000000000002403201700000000            000000000000000                              000                           
0010001300275T 280180230000001544772 29577050803932170   7               22022017000000000007500001000000                         0900000000000000000000000000000000000000000000000000000   000000000000000000000005002        170192957705     
0010001300276U 280000000000000000000000000000000000000000000000000000000000000000000000000000000000000000000000000000000000000000000000002403201700000000            000000000000000                              000                           
0010001300277T 280180230000001544772 29577050804555475   7               22022017000000000007500001000000                         0900000000000000000000000000000000000000000000000000000   000000000000000000000005002        170192957705     
0010001300278U 280000000000000000000000000000000000000000000000000000000000000000000000000000000000000000000000000000000000000000000000002403201700000000            000000000000000                              000                           
0010001300279T 280180230000001544772 29577050808053165   7               22022017000000000007500001000000                         0900000000000000000000000000000000000000000000000000000   000000000000000000000005002        170192957705     
0010001300280U 280000000000000000000000000000000000000000000000000000000000000000000000000000000000000000000000000000000000000000000000002403201700000000            000000000000000                              000                           
0010001300281T 280180230000001544772 29577050809153009   7               22022017000000000007500001000000                         0900000000000000000000000000000000000000000000000000000   000000000000000000000005002        170192957705     
0010001300282U 280000000000000000000000000000000000000000000000000000000000000000000000000000000000000000000000000000000000000000000000002403201700000000            000000000000000                              000                           
0010001300283T 280180230000001544772 29577050811849738   7               22022017000000000007500001000000                         0900000000000000000000000000000000000000000000000000000   000000000000000000000005002        170192957705     
0010001300284U 280000000000000000000000000000000000000000000000000000000000000000000000000000000000000000000000000000000000000000000000002403201700000000            000000000000000                              000                           
0010001300285T 280180230000001544772 29577050813334119   7               22022017000000000007500001000000                         0900000000000000000000000000000000000000000000000000000   000000000000000000000005002        170192957705     
0010001300286U 280000000000000000000000000000000000000000000000000000000000000000000000000000000000000000000000000000000000000000000000002403201700000000            000000000000000                              000                           
0010001300287T 280180230000001544772 29577050814641442   7               22022017000000000007500001000000                         0900000000000000000000000000000000000000000000000000000   000000000000000000000005002        170192957705     
0010001300288U 280000000000000000000000000000000000000000000000000000000000000000000000000000000000000000000000000000000000000000000000002403201700000000            000000000000000                              000                           
0010001300289T 280180230000001544772 29577050815216097   7               22022017000000000007500001000000                         0900000000000000000000000000000000000000000000000000000   000000000000000000000005002        170192957705     
0010001300290U 280000000000000000000000000000000000000000000000000000000000000000000000000000000000000000000000000000000000000000000000002403201700000000            000000000000000                              000                           
0010001300291T 280180230000001544772 29577050815710284   7               22022017000000000007500001000000                         0900000000000000000000000000000000000000000000000000000   000000000000000000000005002        170192957705     
0010001300292U 280000000000000000000000000000000000000000000000000000000000000000000000000000000000000000000000000000000000000000000000002403201700000000            000000000000000                              000                           
0010001300293T 280180230000001544772 29577050816105094   7               22022017000000000007500001000000                         0900000000000000000000000000000000000000000000000000000   000000000000000000000005002        170192957705     
0010001300294U 280000000000000000000000000000000000000000000000000000000000000000000000000000000000000000000000000000000000000000000000002403201700000000            000000000000000                              000                           
0010001300295T 280180230000001544772 29577050816129486   7               22022017000000000007500001000000                         0900000000000000000000000000000000000000000000000000000   000000000000000000000005002        170192957705     
0010001300296U 280000000000000000000000000000000000000000000000000000000000000000000000000000000000000000000000000000000000000000000000002403201700000000            000000000000000                              000                           
0010001300297T 280180230000001544772 29577050816158102   7               22022017000000000007500001000000                         0900000000000000000000000000000000000000000000000000000   000000000000000000000005002        170192957705     
0010001300298U 280000000000000000000000000000000000000000000000000000000000000000000000000000000000000000000000000000000000000000000000002403201700000000            000000000000000                              000                           
0010001300299T 280180230000001544772 29577050816708454   7               22022017000000000007500001000000                         0900000000000000000000000000000000000000000000000000000   000000000000000000000005002        170192957705     
0010001300300U 280000000000000000000000000000000000000000000000000000000000000000000000000000000000000000000000000000000000000000000000002403201700000000            000000000000000                              000                           
0010001300301T 280180230000001544772 29577050819016259   7               22022017000000000007500001000000                         0900000000000000000000000000000000000000000000000000000   000000000000000000000005002        170192957705     
0010001300302U 280000000000000000000000000000000000000000000000000000000000000000000000000000000000000000000000000000000000000000000000002403201700000000            000000000000000                              000                           
0010001300303T 280180230000001544772 29577050819057043   7               22022017000000000007500001000000                         0900000000000000000000000000000000000000000000000000000   000000000000000000000005002        170192957705     
0010001300304U 280000000000000000000000000000000000000000000000000000000000000000000000000000000000000000000000000000000000000000000000002403201700000000            000000000000000                              000                           
0010001300305T 280180230000001544772 29577050819857880   7               22022017000000000007500001000000                         0900000000000000000000000000000000000000000000000000000   000000000000000000000005002        170192957705     
0010001300306U 280000000000000000000000000000000000000000000000000000000000000000000000000000000000000000000000000000000000000000000000002403201700000000            000000000000000                              000                           
0010001300307T 280180230000001544772 29577050820358831   7               22022017000000000010000001000000                         0900000000000000000000000000000000000000000000000000000   000000000000000000000005002        170192957705     
0010001300308U 280000000000000000000000000000000000000000000000000000000000000000000000000000000000000000000000000000000000000000000000002403201700000000            000000000000000                              000                           
0010001300309T 280180230000001544772 29577050821415444   7               22022017000000000007500001000000                         0900000000000000000000000000000000000000000000000000000   000000000000000000000005002        170192957705     
0010001300310U 280000000000000000000000000000000000000000000000000000000000000000000000000000000000000000000000000000000000000000000000002403201700000000            000000000000000                              000                           
0010001300311T 280180230000001544772 29577050822410059   7               22022017000000000007500001000000                         0900000000000000000000000000000000000000000000000000000   000000000000000000000005002        170192957705     
0010001300312U 280000000000000000000000000000000000000000000000000000000000000000000000000000000000000000000000000000000000000000000000002403201700000000            000000000000000                              000                           
0010001300313T 280180230000001544772 29577050824333129   7               22022017000000000007500001000000                         0900000000000000000000000000000000000000000000000000000   000000000000000000000005002        170192957705     
0010001300314U 280000000000000000000000000000000000000000000000000000000000000000000000000000000000000000000000000000000000000000000000002403201700000000            000000000000000                              000                           
0010001300315T 280180230000001544772 29577050826523707   7               22022017000000000007500001000000                         0900000000000000000000000000000000000000000000000000000   000000000000000000000005002        170192957705     
0010001300316U 280000000000000000000000000000000000000000000000000000000000000000000000000000000000000000000000000000000000000000000000002403201700000000            000000000000000                              000                           
0010001300317T 280180230000001544772 29577050828952442   7               22022017000000000007500001000000                         0900000000000000000000000000000000000000000000000000000   000000000000000000000005002        170192957705     
0010001300318U 280000000000000000000000000000000000000000000000000000000000000000000000000000000000000000000000000000000000000000000000002403201700000000            000000000000000                              000                           
0010001300319T 280180230000001544772 29577050829255422   7               22022017000000000007500001000000                         0900000000000000000000000000000000000000000000000000000   000000000000000000000005002        170192957705     
0010001300320U 280000000000000000000000000000000000000000000000000000000000000000000000000000000000000000000000000000000000000000000000002403201700000000            000000000000000                              000                           
0010001300321T 280180230000001544772 29577050829513574   7               22022017000000000007500001000000                         0900000000000000000000000000000000000000000000000000000   000000000000000000000005002        170192957705     
0010001300322U 280000000000000000000000000000000000000000000000000000000000000000000000000000000000000000000000000000000000000000000000002403201700000000            000000000000000                              000                           
0010001300323T 280180230000001544772 29577050831725003   7               22022017000000000007500001000000                         0900000000000000000000000000000000000000000000000000000   000000000000000000000005002        170192957705     
0010001300324U 280000000000000000000000000000000000000000000000000000000000000000000000000000000000000000000000000000000000000000000000002403201700000000            000000000000000                              000                           
0010001300325T 280180230000001544772 29577050832322642   7               22022017000000000007500001000000                         0900000000000000000000000000000000000000000000000000000   000000000000000000000005002        170192957705     
0010001300326U 280000000000000000000000000000000000000000000000000000000000000000000000000000000000000000000000000000000000000000000000002403201700000000            000000000000000                              000                           
0010001300327T 280180230000001544772 29577050832815376   7               22022017000000000010000001000000                         0900000000000000000000000000000000000000000000000000000   000000000000000000000005002        170192957705     
0010001300328U 280000000000000000000000000000000000000000000000000000000000000000000000000000000000000000000000000000000000000000000000002403201700000000            000000000000000                              000                           
0010001300329T 280180230000001544772 29577050834114677   7               22022017000000000010000001000000                         0900000000000000000000000000000000000000000000000000000   000000000000000000000005002        170192957705     
0010001300330U 280000000000000000000000000000000000000000000000000000000000000000000000000000000000000000000000000000000000000000000000002403201700000000            000000000000000                              000                           
00100015         000332005898000000000451100000000000000000000000000000000000000000000000000000000000000000000000000000000000000000000000000000000                                                                                              
00199999         000001000334000000                                                                                                                                                            00000000000000000000000000000                    
