00100000         2247745860001000029577050014       0180230000001544772 INSTITUTO DE SELECAO E TECNOLOBANCO DO BRASIL                         22803201701121700015003000000515122941PROCESSAMEN                                                 
00100011T0100020 20247745860001000029577050014       0180230000001544772 INSTITUTO DE SELECAO E TECNOLO                                                                                000000002803201700000000  000000000                      
0010001300001T 020180230000001544772 29577050259830109   7               3003201700000000000750000103049X                         0900000000000010000000000000000000000000000000000000000   0000000000000000000000000A9        170192957705     
0010001300002U 020000000000000000000000000000000000000000000000000000000000000000000000000000000000000000000000000000000000000000000000002803201700000000            000000000000000                              000                           
0010001300003T 020180230000001544772 29577050325858847   7               30032017000000000007500001001120                         0900000000000010000000000000000000000000000000000000000   0000000000000000000000000A9        170192957705     
0010001300004U 020000000000000000000000000000000000000000000000000000000000000000000000000000000000000000000000000000000000000000000000002803201700000000            000000000000000                              000                           
0010001300005T 020180230000001544772 29577050330139975   7               29032017000000000007500001012408                         0900000000000010500000000000000000000000000000000000000   0000000000000000000000000A9A4      170192957705     
0010001300006U 020000000000000000000000000000000000000000000000000000000000000000000000000000000000000000000000000000000000000000000000002703201700000000            000000000000000                              000                           
0010001300007T 020180230000001544772 29577050335837731   7               30032017000000000007500001000213                         0900000000000010000000000000000000000000000000000000000   0000000000000000000000000A9        170192957705     
0010001300008U 020000000000000000000000000000000000000000000000000000000000000000000000000000000000000000000000000000000000000000000000002803201700000000            000000000000000                              000                           
0010001300009T 020180230000001544772 29577050405608057   7               3003201700000000000750000103049X                         0900000000000010000000000000000000000000000000000000000   0000000000000000000000000A9        170192957705     
0010001300010U 020000000000000000000000000000000000000000000000000000000000000000000000000000000000000000000000000000000000000000000000002803201700000000            000000000000000                              000                           
0010001300011T 020180230000001544772 29577050457400578   7               30032017000000000007500001012416                         0900000000000010000000000000000000000000000000000000000   0000000000000000000000000A9        170192957705     
0010001300012U 020000000000000000000000000000000000000000000000000000000000000000000000000000000000000000000000000000000000000000000000002803201700000000            000000000000000                              000                           
0010001300013T 020180230000001544772 29577050457418038   7               30032017000000000007500001012416                         0900000000000010000000000000000000000000000000000000000   0000000000000000000000000A9        170192957705     
0010001300014U 020000000000000000000000000000000000000000000000000000000000000000000000000000000000000000000000000000000000000000000000002803201700000000            000000000000000                              000                           
0010001300015T 020180230000001544772 29577050558208617   7               3003201700000000000750000103049X                         0900000000000010000000000000000000000000000000000000000   0000000000000000000000000A9        170192957705     
0010001300016U 020000000000000000000000000000000000000000000000000000000000000000000000000000000000000000000000000000000000000000000000002803201700000000            000000000000000                              000                           
0010001300017T 020180230000001544772 29577050758328107   7               30032017000000000007500001006211                         0900000000000010000000000000000000000000000000000000000   0000000000000000000000000A9        170192957705     
0010001300018U 020000000000000000000000000000000000000000000000000000000000000000000000000000000000000000000000000000000000000000000000002803201700000000            000000000000000                              000                           
0010001300019T 020180230000001544772 29577050772048450   7               30032017000000000007500001000213                         0900000000000010000000000000000000000000000000000000000   0000000000000000000000000A9        170192957705     
0010001300020U 020000000000000000000000000000000000000000000000000000000000000000000000000000000000000000000000000000000000000000000000002803201700000000            000000000000000                              000                           
0010001300021T 020180230000001544772 29577051062921915   7               3003201700000000000750000103049X                         0900000000000010000000000000000000000000000000000000000   0000000000000000000000000A9        170192957705     
0010001300022U 020000000000000000000000000000000000000000000000000000000000000000000000000000000000000000000000000000000000000000000000002803201700000000            000000000000000                              000                           
0010001300023T 020180230000001544772 29577051062925867   7               3003201700000000000750000103049X                         0900000000000010000000000000000000000000000000000000000   0000000000000000000000000A9        170192957705     
0010001300024U 020000000000000000000000000000000000000000000000000000000000000000000000000000000000000000000000000000000000000000000000002803201700000000            000000000000000                              000                           
0010001300025T 020180230000001544772 29577051153731054   7               30032017000000000007500001021121                         0900000000000010500000000000000000000000000000000000000   0000000000000000000000000A9A4      170192957705     
0010001300026U 020000000000000000000000000000000000000000000000000000000000000000000000000000000000000000000000000000000000000000000000002803201700000000            000000000000000                              000                           
0010001300027T 020180230000001544772 29577051180452197   7               3003201700000000000750000103049X                         0900000000000010000000000000000000000000000000000000000   0000000000000000000000000A9        170192957705     
0010001300028U 020000000000000000000000000000000000000000000000000000000000000000000000000000000000000000000000000000000000000000000000002803201700000000            000000000000000                              000                           
0010001300029T 020180230000001544772 29577051181749611   7               30032017000000000007500001046280                         0900000000000010000000000000000000000000000000000000000   0000000000000000000000000A9        170192957705     
0010001300030U 020000000000000000000000000000000000000000000000000000000000000000000000000000000000000000000000000000000000000000000000002803201700000000            000000000000000                              000                           
0010001300031T 020180230000001544772 29577051185734369   7               30032017000000000007500001012416                         0900000000000010000000000000000000000000000000000000000   0000000000000000000000000A9        170192957705     
0010001300032U 020000000000000000000000000000000000000000000000000000000000000000000000000000000000000000000000000000000000000000000000002803201700000000            000000000000000                              000                           
0010001300033T 020180230000001544772 29577051186344481   7               30032017000000000007500001000213                         0900000000000010000000000000000000000000000000000000000   0000000000000000000000000A9        170192957705     
0010001300034U 020000000000000000000000000000000000000000000000000000000000000000000000000000000000000000000000000000000000000000000000002803201700000000            000000000000000                              000                           
0010001300035T 020180230000001544772 29577051226029931   7               30032017000000000007500001014389                         0900000000000010000000000000000000000000000000000000000   0000000000000000000000000A9        170192957705     
0010001300036U 020000000000000000000000000000000000000000000000000000000000000000000000000000000000000000000000000000000000000000000000002803201700000000            000000000000000                              000                           
0010001300037T 020180230000001544772 29577051229217264   7               30032017000000000007500001012416                         0900000000000010000000000000000000000000000000000000000   0000000000000000000000000A9        170192957705     
0010001300038U 020000000000000000000000000000000000000000000000000000000000000000000000000000000000000000000000000000000000000000000000002803201700000000            000000000000000                              000                           
0010001300039T 020180230000001544772 29577051277907618   7               3003201700000000000750000103049X                         0900000000000010500000000000000000000000000000000000000   0000000000000000000000000A9A4      170192957705     
0010001300040U 020000000000000000000000000000000000000000000000000000000000000000000000000000000000000000000000000000000000000000000000002803201700000000            000000000000000                              000                           
0010001300041T 020180230000001544772 29577051306034698   7               30032017000000000007500001000213                         0900000000000010000000000000000000000000000000000000000   0000000000000000000000000A9        170192957705     
0010001300042U 020000000000000000000000000000000000000000000000000000000000000000000000000000000000000000000000000000000000000000000000002803201700000000            000000000000000                              000                           
0010001300043T 020180230000001544772 29577051438616122   7               3003201700000000000750000100166X                         0900000000000010000000000000000000000000000000000000000   0000000000000000000000000A9        170192957705     
0010001300044U 020000000000000000000000000000000000000000000000000000000000000000000000000000000000000000000000000000000000000000000000002803201700000000            000000000000000                              000                           
0010001300045T 020180230000001544772 29577051438619864   7               3003201700000000000750000100166X                         0900000000000010000000000000000000000000000000000000000   0000000000000000000000000A9        170192957705     
0010001300046U 020000000000000000000000000000000000000000000000000000000000000000000000000000000000000000000000000000000000000000000000002803201700000000            000000000000000                              000                           
0010001300047T 020180230000001544772 29577051480638787   7               30032017000000000007500001009245                         0900000000000010000000000000000000000000000000000000000   0000000000000000000000000A9        170192957705     
0010001300048U 020000000000000000000000000000000000000000000000000000000000000000000000000000000000000000000000000000000000000000000000002803201700000000            000000000000000                              000                           
0010001300049T 020180230000001544772 29577051484115517   7               30032017000000000007500001009245                         0900000000000010000000000000000000000000000000000000000   0000000000000000000000000A9        170192957705     
0010001300050U 020000000000000000000000000000000000000000000000000000000000000000000000000000000000000000000000000000000000000000000000002803201700000000            000000000000000                              000                           
0010001300051T 020180230000001544772 29577051485041517   7               30032017000000000007500001012408                         0900000000000010000000000000000000000000000000000000000   0000000000000000000000000A9        170192957705     
0010001300052U 020000000000000000000000000000000000000000000000000000000000000000000000000000000000000000000000000000000000000000000000002803201700000000            000000000000000                              000                           
0010001300053T 020180230000001544772 29577051488633799   7               30032017000000000010000001028029                         0900000000000010000000000000000000000000000000000000000   0000000000000000000000000A9        170192957705     
0010001300054U 020000000000000000000000000000000000000000000000000000000000000000000000000000000000000000000000000000000000000000000000002803201700000000            000000000000000                              000                           
0010001300055T 020180230000001544772 29577051490621781   7               30032017000000000007500001000213                         0900000000000010000000000000000000000000000000000000000   0000000000000000000000000A9        170192957705     
0010001300056U 020000000000000000000000000000000000000000000000000000000000000000000000000000000000000000000000000000000000000000000000002803201700000000            000000000000000                              000                           
0010001300057T 020180230000001544772 29577051492057829   7               30032017000000000007500001012408                         0900000000000010000000000000000000000000000000000000000   0000000000000000000000000A9        170192957705     
0010001300058U 020000000000000000000000000000000000000000000000000000000000000000000000000000000000000000000000000000000000000000000000002803201700000000            000000000000000                              000                           
0010001300059T 020180230000001544772 29577051492539802   7               30032017000000000007500001012408                         0900000000000010000000000000000000000000000000000000000   0000000000000000000000000A9        170192957705     
0010001300060U 020000000000000000000000000000000000000000000000000000000000000000000000000000000000000000000000000000000000000000000000002803201700000000            000000000000000                              000                           
0010001300061T 020180230000001544772 29577051493320213   7               3003201700000000000750000103049X                         0900000000000010000000000000000000000000000000000000000   0000000000000000000000000A9        170192957705     
0010001300062U 020000000000000000000000000000000000000000000000000000000000000000000000000000000000000000000000000000000000000000000000002803201700000000            000000000000000                              000                           
0010001300063T 020180230000001544772 29577051493759354   7               30032017000000000007500001000213                         0900000000000010000000000000000000000000000000000000000   0000000000000000000000000A9        170192957705     
0010001300064U 020000000000000000000000000000000000000000000000000000000000000000000000000000000000000000000000000000000000000000000000002803201700000000            000000000000000                              000                           
0010001300065T 020180230000001544772 29577051493759977   7               30032017000000000007500001000213                         0900000000000010000000000000000000000000000000000000000   0000000000000000000000000A9        170192957705     
0010001300066U 020000000000000000000000000000000000000000000000000000000000000000000000000000000000000000000000000000000000000000000000002803201700000000            000000000000000                              000                           
0010001300067T 020180230000001544772 29577051494819768   7               30032017000000000007500001016500                         0900000000000010000000000000000000000000000000000000000   0000000000000000000000000A9        170192957705     
0010001300068U 020000000000000000000000000000000000000000000000000000000000000000000000000000000000000000000000000000000000000000000000002803201700000000            000000000000000                              000                           
0010001300069T 060180230000001544772 29577051438619864   7               30032017000000000007500104001160                         0900000000000010000000000000000000000000000000000000000   000000000000000000000029000        170192957705     
0010001300070U 060000000000000000000000000000000000000000000000000000000000000000000000075000000000000072100000000000000000000000000000002803201729032017            000000000000000                              000                           
0010001300071T 060180230000001544772 29577051447518815   7               28032017000000000010000001001554                         0900000000000010000000000000000000000000000000000000000   000000000000000000000029000        170192957705     
0010001300072U 060000000000000000000000000000000000000000000000000000000000000000000000100000000000000097100000000000000000000000000000002803201729032017            000000000000000                              000                           
0010001300073T 280180230000001544772 29577050067342141   7               26022017000000000007500001000000                         0900000000000000000000000000000000000000000000000000000   000000000000000000000005002        170192957705     
0010001300074U 280000000000000000000000000000000000000000000000000000000000000000000000000000000000000000000000000000000000000000000000002803201700000000            000000000000000                              000                           
0010001300075T 280180230000001544772 29577050129624184   7               26022017000000000007500001000000                         0900000000000000000000000000000000000000000000000000000   000000000000000000000005002        170192957705     
0010001300076U 280000000000000000000000000000000000000000000000000000000000000000000000000000000000000000000000000000000000000000000000002803201700000000            000000000000000                              000                           
0010001300077T 280180230000001544772 29577050143342261   7               26022017000000000007500001000000                         0900000000000000000000000000000000000000000000000000000   000000000000000000000005002        170192957705     
0010001300078U 280000000000000000000000000000000000000000000000000000000000000000000000000000000000000000000000000000000000000000000000002803201700000000            000000000000000                              000                           
0010001300079T 280180230000001544772 29577050155821577   7               26022017000000000007500001000000                         0900000000000000000000000000000000000000000000000000000   000000000000000000000005002        170192957705     
0010001300080U 280000000000000000000000000000000000000000000000000000000000000000000000000000000000000000000000000000000000000000000000002803201700000000            000000000000000                              000                           
0010001300081T 280180230000001544772 29577050284120944   7               26022017000000000007500001000000                         0900000000000000000000000000000000000000000000000000000   000000000000000000000005002        170192957705     
0010001300082U 280000000000000000000000000000000000000000000000000000000000000000000000000000000000000000000000000000000000000000000000002803201700000000            000000000000000                              000                           
0010001300083T 280180230000001544772 29577050284544910   7               26022017000000000007500001000000                         0900000000000000000000000000000000000000000000000000000   000000000000000000000005002        170192957705     
0010001300084U 280000000000000000000000000000000000000000000000000000000000000000000000000000000000000000000000000000000000000000000000002803201700000000            000000000000000                              000                           
0010001300085T 280180230000001544772 29577050317654862   788888888888889927012017000000000007500001000000888888888888899          0900000000000000000000000000000000000000000000000000000   000000000000000000000005002        170192957705     
0010001300086U 280000000000000000000000000000000000000000000000000000000000000000000000000000000000000000000000000000000000000000000000002803201700000000            000000000000000                              000                           
0010001300087T 280180230000001544772 29577050317752831   788888888888889927012017000000000007500001000000888888888888899          0900000000000000000000000000000000000000000000000000000   000000000000000000000005002        170192957705     
0010001300088U 280000000000000000000000000000000000000000000000000000000000000000000000000000000000000000000000000000000000000000000000002803201700000000            000000000000000                              000                           
0010001300089T 280180230000001544772 29577050317834944   788888888888889927012017000000000007500001000000888888888888899          0900000000000000000000000000000000000000000000000000000   000000000000000000000005002        170192957705     
0010001300090U 280000000000000000000000000000000000000000000000000000000000000000000000000000000000000000000000000000000000000000000000002803201700000000            000000000000000                              000                           
0010001300091T 280180230000001544772 29577050317932283   788888888888889927012017000000000007500001000000888888888888899          0900000000000000000000000000000000000000000000000000000   000000000000000000000005002        170192957705     
0010001300092U 280000000000000000000000000000000000000000000000000000000000000000000000000000000000000000000000000000000000000000000000002803201700000000            000000000000000                              000                           
0010001300093T 280180230000001544772 29577050330328071   7               27012017000000000007500001000000                         0900000000000000000000000000000000000000000000000000000   000000000000000000000005002        170192957705     
0010001300094U 280000000000000000000000000000000000000000000000000000000000000000000000000000000000000000000000000000000000000000000000002803201700000000            000000000000000                              000                           
0010001300095T 280180230000001544772 29577050406635150   7               26022017000000000007500001000000                         0900000000000000000000000000000000000000000000000000000   000000000000000000000005002        170192957705     
0010001300096U 280000000000000000000000000000000000000000000000000000000000000000000000000000000000000000000000000000000000000000000000002803201700000000            000000000000000                              000                           
0010001300097T 280180230000001544772 29577050433750356   7               26022017000000000007500001000000                         0900000000000000000000000000000000000000000000000000000   000000000000000000000005002        170192957705     
0010001300098U 280000000000000000000000000000000000000000000000000000000000000000000000000000000000000000000000000000000000000000000000002803201700000000            000000000000000                              000                           
0010001300099T 280180230000001544772 29577050497400899   7               26022017000000000007500001000000                         0900000000000000000000000000000000000000000000000000000   000000000000000000000005002        170192957705     
0010001300100U 280000000000000000000000000000000000000000000000000000000000000000000000000000000000000000000000000000000000000000000000002803201700000000            000000000000000                              000                           
0010001300101T 280180230000001544772 29577050500717606   7               26022017000000000010000001000000                         0900000000000000000000000000000000000000000000000000000   000000000000000000000005002        170192957705     
0010001300102U 280000000000000000000000000000000000000000000000000000000000000000000000000000000000000000000000000000000000000000000000002803201700000000            000000000000000                              000                           
0010001300103T 280180230000001544772 29577050750733013   7               26022017000000000007500001000000                         0900000000000000000000000000000000000000000000000000000   000000000000000000000005002        170192957705     
0010001300104U 280000000000000000000000000000000000000000000000000000000000000000000000000000000000000000000000000000000000000000000000002803201700000000            000000000000000                              000                           
0010001300105T 280180230000001544772 29577050790732366   7               26022017000000000007500001000000                         0900000000000000000000000000000000000000000000000000000   000000000000000000000005002        170192957705     
0010001300106U 280000000000000000000000000000000000000000000000000000000000000000000000000000000000000000000000000000000000000000000000002803201700000000            000000000000000                              000                           
0010001300107T 280180230000001544772 29577050826520530   7               26022017000000000007500001000000                         0900000000000000000000000000000000000000000000000000000   000000000000000000000005002        170192957705     
0010001300108U 280000000000000000000000000000000000000000000000000000000000000000000000000000000000000000000000000000000000000000000000002803201700000000            000000000000000                              000                           
0010001300109T 280180230000001544772 29577050906137641   7               26022017000000000007500001000000                         0900000000000000000000000000000000000000000000000000000   000000000000000000000005002        170192957705     
0010001300110U 280000000000000000000000000000000000000000000000000000000000000000000000000000000000000000000000000000000000000000000000002803201700000000            000000000000000                              000                           
0010001300111T 280180230000001544772 29577050906415112   7               26022017000000000007500001000000                         0900000000000000000000000000000000000000000000000000000   000000000000000000000005002        170192957705     
0010001300112U 280000000000000000000000000000000000000000000000000000000000000000000000000000000000000000000000000000000000000000000000002803201700000000            000000000000000                              000                           
0010001300113T 280180230000001544772 29577050907256654   7               26022017000000000007500001000000                         0900000000000000000000000000000000000000000000000000000   000000000000000000000005002        170192957705     
0010001300114U 280000000000000000000000000000000000000000000000000000000000000000000000000000000000000000000000000000000000000000000000002803201700000000            000000000000000                              000                           
0010001300115T 280180230000001544772 29577050907904451   7               26022017000000000007500001000000                         0900000000000000000000000000000000000000000000000000000   000000000000000000000005002        170192957705     
0010001300116U 280000000000000000000000000000000000000000000000000000000000000000000000000000000000000000000000000000000000000000000000002803201700000000            000000000000000                              000                           
0010001300117T 280180230000001544772 29577050908500758   7               26022017000000000007500001000000                         0900000000000000000000000000000000000000000000000000000   000000000000000000000005002        170192957705     
0010001300118U 280000000000000000000000000000000000000000000000000000000000000000000000000000000000000000000000000000000000000000000000002803201700000000            000000000000000                              000                           
0010001300119T 280180230000001544772 29577050908656997   7               26022017000000000007500001000000                         0900000000000000000000000000000000000000000000000000000   000000000000000000000005002        170192957705     
0010001300120U 280000000000000000000000000000000000000000000000000000000000000000000000000000000000000000000000000000000000000000000000002803201700000000            000000000000000                              000                           
0010001300121T 280180230000001544772 29577050908659176   7               26022017000000000007500001000000                         0900000000000000000000000000000000000000000000000000000   000000000000000000000005002        170192957705     
0010001300122U 280000000000000000000000000000000000000000000000000000000000000000000000000000000000000000000000000000000000000000000000002803201700000000            000000000000000                              000                           
0010001300123T 280180230000001544772 29577050909528729   7               26022017000000000010000001000000                         0900000000000000000000000000000000000000000000000000000   000000000000000000000005002        170192957705     
0010001300124U 280000000000000000000000000000000000000000000000000000000000000000000000000000000000000000000000000000000000000000000000002803201700000000            000000000000000                              000                           
0010001300125T 280180230000001544772 29577050909828710   7               26022017000000000010000001000000                         0900000000000000000000000000000000000000000000000000000   000000000000000000000005002        170192957705     
0010001300126U 280000000000000000000000000000000000000000000000000000000000000000000000000000000000000000000000000000000000000000000000002803201700000000            000000000000000                              000                           
0010001300127T 280180230000001544772 29577050910436550   7               26022017000000000007500001000000                         0900000000000000000000000000000000000000000000000000000   000000000000000000000005002        170192957705     
0010001300128U 280000000000000000000000000000000000000000000000000000000000000000000000000000000000000000000000000000000000000000000000002803201700000000            000000000000000                              000                           
0010001300129T 280180230000001544772 29577050910915712   7               26022017000000000007500001000000                         0900000000000000000000000000000000000000000000000000000   000000000000000000000005002        170192957705     
0010001300130U 280000000000000000000000000000000000000000000000000000000000000000000000000000000000000000000000000000000000000000000000002803201700000000            000000000000000                              000                           
0010001300131T 280180230000001544772 29577050911003004   7               26022017000000000007500001000000                         0900000000000000000000000000000000000000000000000000000   000000000000000000000005002        170192957705     
0010001300132U 280000000000000000000000000000000000000000000000000000000000000000000000000000000000000000000000000000000000000000000000002803201700000000            000000000000000                              000                           
0010001300133T 280180230000001544772 29577050911027912   7               26022017000000000007500001000000                         0900000000000000000000000000000000000000000000000000000   000000000000000000000005002        170192957705     
0010001300134U 280000000000000000000000000000000000000000000000000000000000000000000000000000000000000000000000000000000000000000000000002803201700000000            000000000000000                              000                           
0010001300135T 280180230000001544772 29577050911040900   7               26022017000000000007500001000000                         0900000000000000000000000000000000000000000000000000000   000000000000000000000005002        170192957705     
0010001300136U 280000000000000000000000000000000000000000000000000000000000000000000000000000000000000000000000000000000000000000000000002803201700000000            000000000000000                              000                           
0010001300137T 280180230000001544772 29577050911425120   7               26022017000000000007500001000000                         0900000000000000000000000000000000000000000000000000000   000000000000000000000005002        170192957705     
0010001300138U 280000000000000000000000000000000000000000000000000000000000000000000000000000000000000000000000000000000000000000000000002803201700000000            000000000000000                              000                           
0010001300139T 280180230000001544772 29577050911453092   7               26022017000000000007500001000000                         0900000000000000000000000000000000000000000000000000000   000000000000000000000005002        170192957705     
0010001300140U 280000000000000000000000000000000000000000000000000000000000000000000000000000000000000000000000000000000000000000000000002803201700000000            000000000000000                              000                           
0010001300141T 280180230000001544772 29577050912324966   7               26022017000000000007500001000000                         0900000000000000000000000000000000000000000000000000000   000000000000000000000005002        170192957705     
0010001300142U 280000000000000000000000000000000000000000000000000000000000000000000000000000000000000000000000000000000000000000000000002803201700000000            000000000000000                              000                           
0010001300143T 280180230000001544772 29577050912438022   7               26022017000000000007500001000000                         0900000000000000000000000000000000000000000000000000000   000000000000000000000005002        170192957705     
0010001300144U 280000000000000000000000000000000000000000000000000000000000000000000000000000000000000000000000000000000000000000000000002803201700000000            000000000000000                              000                           
0010001300145T 280180230000001544772 29577050912847009   7               26022017000000000007500001000000                         0900000000000000000000000000000000000000000000000000000   000000000000000000000005002        170192957705     
0010001300146U 280000000000000000000000000000000000000000000000000000000000000000000000000000000000000000000000000000000000000000000000002803201700000000            000000000000000                              000                           
0010001300147T 280180230000001544772 29577050914333894   7               26022017000000000007500001000000                         0900000000000000000000000000000000000000000000000000000   000000000000000000000005002        170192957705     
0010001300148U 280000000000000000000000000000000000000000000000000000000000000000000000000000000000000000000000000000000000000000000000002803201700000000            000000000000000                              000                           
0010001300149T 280180230000001544772 29577050914640119   7               26022017000000000007500001000000                         0900000000000000000000000000000000000000000000000000000   000000000000000000000005002        170192957705     
0010001300150U 280000000000000000000000000000000000000000000000000000000000000000000000000000000000000000000000000000000000000000000000002803201700000000            000000000000000                              000                           
0010001300151T 280180230000001544772 29577050915907152   7               26022017000000000007500001000000                         0900000000000000000000000000000000000000000000000000000   000000000000000000000005002        170192957705     
0010001300152U 280000000000000000000000000000000000000000000000000000000000000000000000000000000000000000000000000000000000000000000000002803201700000000            000000000000000                              000                           
0010001300153T 280180230000001544772 29577050915940587   7               26022017000000000007500001000000                         0900000000000000000000000000000000000000000000000000000   000000000000000000000005002        170192957705     
0010001300154U 280000000000000000000000000000000000000000000000000000000000000000000000000000000000000000000000000000000000000000000000002803201700000000            000000000000000                              000                           
0010001300155T 280180230000001544772 29577050916426250   7               26022017000000000007500001000000                         0900000000000000000000000000000000000000000000000000000   000000000000000000000005002        170192957705     
0010001300156U 280000000000000000000000000000000000000000000000000000000000000000000000000000000000000000000000000000000000000000000000002803201700000000            000000000000000                              000                           
0010001300157T 280180230000001544772 29577050917102369   7               26022017000000000007500001000000                         0900000000000000000000000000000000000000000000000000000   000000000000000000000005002        170192957705     
0010001300158U 280000000000000000000000000000000000000000000000000000000000000000000000000000000000000000000000000000000000000000000000002803201700000000            000000000000000                              000                           
00100015         000160005892000000000450645000000000000000000000000000000000000000000000000000000000000000000000000000000000000000000000000000000                                                                                              
00199999         000001000162000000                                                                                                                                                            00000000000000000000000000000                    
