00100000         2247745860001000029577050014       0180230000001544772 INSTITUTO DE SELECAO E TECNOLOBANCO DO BRASIL                         23003201701094500015403000000515122941PROCESSAMEN                                                 
00100011T0100020 20247745860001000029577050014       0180230000001544772 INSTITUTO DE SELECAO E TECNOLO                                                                                000000003003201700000000  000000000                      
0010001300001T 020180230000001544772 29577050093621614   7               01042017000000000007500001000213                         0900000000000010000000000000000000000000000000000000000   0000000000000000000000000A9        170192957705     
0010001300002U 020000000000000000000000000000000000000000000000000000000000000000000000000000000000000000000000000000000000000000000000003003201700000000            000000000000000                              000                           
0010001300003T 020180230000001544772 29577050208215783   7               01042017000000000007500001000213                         0900000000000010000000000000000000000000000000000000000   0000000000000000000000000A9        170192957705     
0010001300004U 020000000000000000000000000000000000000000000000000000000000000000000000000000000000000000000000000000000000000000000000003003201700000000            000000000000000                              000                           
0010001300005T 020180230000001544772 29577050208243210   7               01042017000000000007500001000213                         0900000000000010000000000000000000000000000000000000000   0000000000000000000000000A9        170192957705     
0010001300006U 020000000000000000000000000000000000000000000000000000000000000000000000000000000000000000000000000000000000000000000000003003201700000000            000000000000000                              000                           
0010001300007T 020180230000001544772 29577050233429961   7               01042017000000000007500001000213                         0900000000000010000000000000000000000000000000000000000   0000000000000000000000000A9        170192957705     
0010001300008U 020000000000000000000000000000000000000000000000000000000000000000000000000000000000000000000000000000000000000000000000003003201700000000            000000000000000                              000                           
0010001300009T 020180230000001544772 29577050496840493   7               0104201700000000000750000103049X                         0900000000000010000000000000000000000000000000000000000   0000000000000000000000000A9        170192957705     
0010001300010U 020000000000000000000000000000000000000000000000000000000000000000000000000000000000000000000000000000000000000000000000003003201700000000            000000000000000                              000                           
0010001300011T 020180230000001544772 29577050503244629   7               01042017000000000007500001000213                         0900000000000010000000000000000000000000000000000000000   0000000000000000000000000A9        170192957705     
0010001300012U 020000000000000000000000000000000000000000000000000000000000000000000000000000000000000000000000000000000000000000000000003003201700000000            000000000000000                              000                           
0010001300013T 020180230000001544772 29577051153703347   7               01042017000000000007500001021121                         0900000000000010500000000000000000000000000000000000000   0000000000000000000000000A9A4      170192957705     
0010001300014U 020000000000000000000000000000000000000000000000000000000000000000000000000000000000000000000000000000000000000000000000003003201700000000            000000000000000                              000                           
0010001300015T 020180230000001544772 29577051157442214   7               01042017000000000007500001012416                         0900000000000010000000000000000000000000000000000000000   0000000000000000000000000A9        170192957705     
0010001300016U 020000000000000000000000000000000000000000000000000000000000000000000000000000000000000000000000000000000000000000000000003003201700000000            000000000000000                              000                           
0010001300017T 020180230000001544772 29577051187243380   7               01042017000000000007500001012416                         0900000000000010000000000000000000000000000000000000000   0000000000000000000000000A9        170192957705     
0010001300018U 020000000000000000000000000000000000000000000000000000000000000000000000000000000000000000000000000000000000000000000000003003201700000000            000000000000000                              000                           
0010001300019T 020180230000001544772 29577051256145033   7               01042017000000000007500001000213                         0900000000000010000000000000000000000000000000000000000   0000000000000000000000000A9        170192957705     
0010001300020U 020000000000000000000000000000000000000000000000000000000000000000000000000000000000000000000000000000000000000000000000003003201700000000            000000000000000                              000                           
0010001300021T 020180230000001544772 29577051488601212   7               01042017000000000010000001028029                         0900000000000010000000000000000000000000000000000000000   0000000000000000000000000A9        170192957705     
0010001300022U 020000000000000000000000000000000000000000000000000000000000000000000000000000000000000000000000000000000000000000000000003003201700000000            000000000000000                              000                           
0010001300023T 020180230000001544772 29577051492048940   7               01042017000000000007500001012408                         0900000000000010000000000000000000000000000000000000000   0000000000000000000000000A9        170192957705     
0010001300024U 020000000000000000000000000000000000000000000000000000000000000000000000000000000000000000000000000000000000000000000000003003201700000000            000000000000000                              000                           
0010001300025T 020180230000001544772 29577051516659819   7               01042017000000000010000001030864                         0900000000000010000000000000000000000000000000000000000   0000000000000000000000000A9        170192957705     
0010001300026U 020000000000000000000000000000000000000000000000000000000000000000000000000000000000000000000000000000000000000000000000003003201700000000            000000000000000                              000                           
0010001300027T 020180230000001544772 29577051518111030   7               01042017000000000007500001009245                         0900000000000010500000000000000000000000000000000000000   0000000000000000000000000A9A4      170192957705     
0010001300028U 020000000000000000000000000000000000000000000000000000000000000000000000000000000000000000000000000000000000000000000000003003201700000000            000000000000000                              000                           
0010001300029T 020180230000001544772 29577051520617050   7               01042017000000000007500001012416                         0900000000000010000000000000000000000000000000000000000   0000000000000000000000000A9        170192957705     
0010001300030U 020000000000000000000000000000000000000000000000000000000000000000000000000000000000000000000000000000000000000000000000003003201700000000            000000000000000                              000                           
0010001300031T 020180230000001544772 29577051522619593   7               01042017000000000007500001012408                         0900000000000010000000000000000000000000000000000000000   0000000000000000000000000A9        170192957705     
0010001300032U 020000000000000000000000000000000000000000000000000000000000000000000000000000000000000000000000000000000000000000000000003003201700000000            000000000000000                              000                           
0010001300033T 020180230000001544772 29577051524846968   7               01042017000000000007500001012416                         0900000000000010000000000000000000000000000000000000000   0000000000000000000000000A9        170192957705     
0010001300034U 020000000000000000000000000000000000000000000000000000000000000000000000000000000000000000000000000000000000000000000000003003201700000000            000000000000000                              000                           
0010001300035T 060180230000001544772 29577050335837731   7               30032017000000000007500021000550                         0900000000000010000000000000000000000000000000000000000   000000000000000000000029000        170192957705     
0010001300036U 060000000000000000000000000000000000000000000000000000000000000000000000075000000000000072100000000000000000000000000000003003201731032017            000000000000000                              000                           
0010001300037T 060180230000001544772 29577051180452197   7               30032017000000000007500104015640                         0900000000000010000000000000000000000000000000000000000   000000000000000000000029000        170192957705     
0010001300038U 060000000000000000000000000000000000000000000000000000000000000000000000075000000000000072100000000000000000000000000000003003201731032017            000000000000000                              000                           
0010001300039T 090180230000001544772 29577050006220001   788888888888889930122016000000000007500001012416888888888888899          0900000000000000000000000000000000000000000000000000000   000000000000000000000010009        170192957705     
0010001300040U 090000000000000000000000000000000000000000000000000000000000000000000000000000000000000000000000000000000000000000000000003003201700000000            000000000000000                              000                           
0010001300041T 090180230000001544772 29577050010224732   78888888888888993012201600000000000750000103049X888888888888899          0900000000000000000000000000000000000000000000000000000   000000000000000000000010009        170192957705     
0010001300042U 090000000000000000000000000000000000000000000000000000000000000000000000000000000000000000000000000000000000000000000000003003201700000000            000000000000000                              000                           
0010001300043T 090180230000001544772 29577050033045790   788888888888889930122016000000000007500001009245888888888888899          0900000000000000000000000000000000000000000000000000000   000000000000000000000010009        170192957705     
0010001300044U 090000000000000000000000000000000000000000000000000000000000000000000000000000000000000000000000000000000000000000000000003003201700000000            000000000000000                              000                           
0010001300045T 090180230000001544772 29577050037954423   78888888888888993012201600000000000750000103049X888888888888899          0900000000000000000000000000000000000000000000000000000   000000000000000000000010009        170192957705     
0010001300046U 090000000000000000000000000000000000000000000000000000000000000000000000000000000000000000000000000000000000000000000000003003201700000000            000000000000000                              000                           
0010001300047T 090180230000001544772 29577050063500360   788888888888889930122016000000000007500001012416888888888888899          0900000000000000000000000000000000000000000000000000000   000000000000000000000010009        170192957705     
0010001300048U 090000000000000000000000000000000000000000000000000000000000000000000000000000000000000000000000000000000000000000000000003003201700000000            000000000000000                              000                           
0010001300049T 090180230000001544772 29577050094603055   788888888888889930122016000000000007500001012416888888888888899          0900000000000000000000000000000000000000000000000000000   000000000000000000000010009        170192957705     
0010001300050U 090000000000000000000000000000000000000000000000000000000000000000000000000000000000000000000000000000000000000000000000003003201700000000            000000000000000                              000                           
0010001300051T 090180230000001544772 29577050095020336   788888888888889930122016000000000007500001000213888888888888899          0900000000000000000000000000000000000000000000000000000   000000000000000000000010009        170192957705     
0010001300052U 090000000000000000000000000000000000000000000000000000000000000000000000000000000000000000000000000000000000000000000000003003201700000000            000000000000000                              000                           
0010001300053T 090180230000001544772 29577050095145763   788888888888889930122016000000000007500001012408888888888888899          0900000000000000000000000000000000000000000000000000000   000000000000000000000010009        170192957705     
0010001300054U 090000000000000000000000000000000000000000000000000000000000000000000000000000000000000000000000000000000000000000000000003003201700000000            000000000000000                              000                           
0010001300055T 090180230000001544772 29577050095216907   788888888888889930122016000000000007500001012408888888888888899          0900000000000000000000000000000000000000000000000000000   000000000000000000000010009        170192957705     
0010001300056U 090000000000000000000000000000000000000000000000000000000000000000000000000000000000000000000000000000000000000000000000003003201700000000            000000000000000                              000                           
0010001300057T 090180230000001544772 29577050095225958   788888888888889930122016000000000007500001012408888888888888899          0900000000000000000000000000000000000000000000000000000   000000000000000000000010009        170192957705     
0010001300058U 090000000000000000000000000000000000000000000000000000000000000000000000000000000000000000000000000000000000000000000000003003201700000000            000000000000000                              000                           
0010001300059T 090180230000001544772 29577050095409774   788888888888889930122016000000000007500001012408888888888888899          0900000000000000000000000000000000000000000000000000000   000000000000000000000010009        170192957705     
0010001300060U 090000000000000000000000000000000000000000000000000000000000000000000000000000000000000000000000000000000000000000000000003003201700000000            000000000000000                              000                           
0010001300061T 090180230000001544772 29577050095523757   788888888888889930122016000000000010000001031550888888888888899          0900000000000000000000000000000000000000000000000000000   000000000000000000000010009        170192957705     
0010001300062U 090000000000000000000000000000000000000000000000000000000000000000000000000000000000000000000000000000000000000000000000003003201700000000            000000000000000                              000                           
0010001300063T 090180230000001544772 29577050095608262   788888888888889930122016000000000007500001000833888888888888899          0900000000000000000000000000000000000000000000000000000   000000000000000000000010009        170192957705     
0010001300064U 090000000000000000000000000000000000000000000000000000000000000000000000000000000000000000000000000000000000000000000000003003201700000000            000000000000000                              000                           
0010001300065T 090180230000001544772 29577050095854456   78888888888888993012201600000000000750000103049X888888888888899          0900000000000000000000000000000000000000000000000000000   000000000000000000000010009        170192957705     
0010001300066U 090000000000000000000000000000000000000000000000000000000000000000000000000000000000000000000000000000000000000000000000003003201700000000            000000000000000                              000                           
0010001300067T 090180230000001544772 29577050095916010   788888888888889930122016000000000007500001032077888888888888899          0900000000000000000000000000000000000000000000000000000   000000000000000000000010009        170192957705     
0010001300068U 090000000000000000000000000000000000000000000000000000000000000000000000000000000000000000000000000000000000000000000000003003201700000000            000000000000000                              000                           
0010001300069T 090180230000001544772 29577050096043544   78888888888888993012201600000000000750000103049X888888888888899          0900000000000000000000000000000000000000000000000000000   000000000000000000000010009        170192957705     
0010001300070U 090000000000000000000000000000000000000000000000000000000000000000000000000000000000000000000000000000000000000000000000003003201700000000            000000000000000                              000                           
0010001300071T 090180230000001544772 29577050096148014   788888888888889930122016000000000007500001012416888888888888899          0900000000000000000000000000000000000000000000000000000   000000000000000000000010009        170192957705     
0010001300072U 090000000000000000000000000000000000000000000000000000000000000000000000000000000000000000000000000000000000000000000000003003201700000000            000000000000000                              000                           
0010001300073T 090180230000001544772 29577050096237972   788888888888889930122016000000000010000001012416888888888888899          0900000000000000000000000000000000000000000000000000000   000000000000000000000010009        170192957705     
0010001300074U 090000000000000000000000000000000000000000000000000000000000000000000000000000000000000000000000000000000000000000000000003003201700000000            000000000000000                              000                           
0010001300075T 090180230000001544772 29577050096350321   788888888888889930122016000000000007500001012416888888888888899          0900000000000000000000000000000000000000000000000000000   000000000000000000000010009        170192957705     
0010001300076U 090000000000000000000000000000000000000000000000000000000000000000000000000000000000000000000000000000000000000000000000003003201700000000            000000000000000                              000                           
0010001300077T 090180230000001544772 29577050096443349   788888888888889930122016000000000007500001004782888888888888899          0900000000000000000000000000000000000000000000000000000   000000000000000000000010009        170192957705     
0010001300078U 090000000000000000000000000000000000000000000000000000000000000000000000000000000000000000000000000000000000000000000000003003201700000000            000000000000000                              000                           
0010001300079T 090180230000001544772 29577050096633788   788888888888889930122016000000000007500001004782888888888888899          0900000000000000000000000000000000000000000000000000000   000000000000000000000010009        170192957705     
0010001300080U 090000000000000000000000000000000000000000000000000000000000000000000000000000000000000000000000000000000000000000000000003003201700000000            000000000000000                              000                           
0010001300081T 090180230000001544772 29577050096702597   788888888888889930122016000000000007500001012416888888888888899          0900000000000000000000000000000000000000000000000000000   000000000000000000000010009        170192957705     
0010001300082U 090000000000000000000000000000000000000000000000000000000000000000000000000000000000000000000000000000000000000000000000003003201700000000            000000000000000                              000                           
0010001300083T 090180230000001544772 29577050096805795   788888888888889930122016000000000007500001012408888888888888899          0900000000000000000000000000000000000000000000000000000   000000000000000000000010009        170192957705     
0010001300084U 090000000000000000000000000000000000000000000000000000000000000000000000000000000000000000000000000000000000000000000000003003201700000000            000000000000000                              000                           
0010001300085T 090180230000001544772 29577050096929800   788888888888889930122016000000000007500001000213888888888888899          0900000000000000000000000000000000000000000000000000000   000000000000000000000010009        170192957705     
0010001300086U 090000000000000000000000000000000000000000000000000000000000000000000000000000000000000000000000000000000000000000000000003003201700000000            000000000000000                              000                           
0010001300087T 090180230000001544772 29577050097124728   788888888888889930122016000000000007500001000213888888888888899          0900000000000000000000000000000000000000000000000000000   000000000000000000000010009        170192957705     
0010001300088U 090000000000000000000000000000000000000000000000000000000000000000000000000000000000000000000000000000000000000000000000003003201700000000            000000000000000                              000                           
0010001300089T 090180230000001544772 29577050097131352   788888888888889930122016000000000007500001000213888888888888899          0900000000000000000000000000000000000000000000000000000   000000000000000000000010009        170192957705     
0010001300090U 090000000000000000000000000000000000000000000000000000000000000000000000000000000000000000000000000000000000000000000000003003201700000000            000000000000000                              000                           
0010001300091T 090180230000001544772 29577050097355443   788888888888889930122016000000000007500001000833888888888888899          0900000000000000000000000000000000000000000000000000000   000000000000000000000010009        170192957705     
0010001300092U 090000000000000000000000000000000000000000000000000000000000000000000000000000000000000000000000000000000000000000000000003003201700000000            000000000000000                              000                           
0010001300093T 090180230000001544772 29577050097452373   788888888888889930122016000000000007500001000833888888888888899          0900000000000000000000000000000000000000000000000000000   000000000000000000000010009        170192957705     
0010001300094U 090000000000000000000000000000000000000000000000000000000000000000000000000000000000000000000000000000000000000000000000003003201700000000            000000000000000                              000                           
0010001300095T 090180230000001544772 29577050097555903   788888888888889930122016000000000007500001000213888888888888899          0900000000000000000000000000000000000000000000000000000   000000000000000000000010009        170192957705     
0010001300096U 090000000000000000000000000000000000000000000000000000000000000000000000000000000000000000000000000000000000000000000000003003201700000000            000000000000000                              000                           
0010001300097T 090180230000001544772 29577050097657904   788888888888889930122016000000000007500001000833888888888888899          0900000000000000000000000000000000000000000000000000000   000000000000000000000010009        170192957705     
0010001300098U 090000000000000000000000000000000000000000000000000000000000000000000000000000000000000000000000000000000000000000000000003003201700000000            000000000000000                              000                           
0010001300099T 090180230000001544772 29577050097928369   788888888888889930122016000000000007500001000213888888888888899          0900000000000000000000000000000000000000000000000000000   000000000000000000000010009        170192957705     
0010001300100U 090000000000000000000000000000000000000000000000000000000000000000000000000000000000000000000000000000000000000000000000003003201700000000            000000000000000                              000                           
0010001300101T 090180230000001544772 29577050098144575   788888888888889930122016000000000007500001000213888888888888899          0900000000000000000000000000000000000000000000000000000   000000000000000000000010009        170192957705     
0010001300102U 090000000000000000000000000000000000000000000000000000000000000000000000000000000000000000000000000000000000000000000000003003201700000000            000000000000000                              000                           
0010001300103T 090180230000001544772 29577050098230542   788888888888889930122016000000000007500001012408888888888888899          0900000000000000000000000000000000000000000000000000000   000000000000000000000010009        170192957705     
0010001300104U 090000000000000000000000000000000000000000000000000000000000000000000000000000000000000000000000000000000000000000000000003003201700000000            000000000000000                              000                           
0010001300105T 090180230000001544772 29577050098342636   788888888888889930122016000000000007500001012408888888888888899          0900000000000000000000000000000000000000000000000000000   000000000000000000000010009        170192957705     
0010001300106U 090000000000000000000000000000000000000000000000000000000000000000000000000000000000000000000000000000000000000000000000003003201700000000            000000000000000                              000                           
0010001300107T 090180230000001544772 29577050098518489   788888888888889930122016000000000007500001012408888888888888899          0900000000000000000000000000000000000000000000000000000   000000000000000000000010009        170192957705     
0010001300108U 090000000000000000000000000000000000000000000000000000000000000000000000000000000000000000000000000000000000000000000000003003201700000000            000000000000000                              000                           
0010001300109T 090180230000001544772 29577050098602415   788888888888889930122016000000000007500001004782888888888888899          0900000000000000000000000000000000000000000000000000000   000000000000000000000010009        170192957705     
0010001300110U 090000000000000000000000000000000000000000000000000000000000000000000000000000000000000000000000000000000000000000000000003003201700000000            000000000000000                              000                           
0010001300111T 090180230000001544772 29577050098703653   788888888888889930122016000000000007500001004782888888888888899          0900000000000000000000000000000000000000000000000000000   000000000000000000000010009        170192957705     
0010001300112U 090000000000000000000000000000000000000000000000000000000000000000000000000000000000000000000000000000000000000000000000003003201700000000            000000000000000                              000                           
0010001300113T 090180230000001544772 29577050098821383   788888888888889930122016000000000007500001036951888888888888899          0900000000000000000000000000000000000000000000000000000   000000000000000000000010009        170192957705     
0010001300114U 090000000000000000000000000000000000000000000000000000000000000000000000000000000000000000000000000000000000000000000000003003201700000000            000000000000000                              000                           
0010001300115T 090180230000001544772 29577050098839476   788888888888889930122016000000000007500001036951888888888888899          0900000000000000000000000000000000000000000000000000000   000000000000000000000010009        170192957705     
0010001300116U 090000000000000000000000000000000000000000000000000000000000000000000000000000000000000000000000000000000000000000000000003003201700000000            000000000000000                              000                           
0010001300117T 090180230000001544772 29577050099037819   788888888888889930122016000000000007500001012408888888888888899          0900000000000000000000000000000000000000000000000000000   000000000000000000000010009        170192957705     
0010001300118U 090000000000000000000000000000000000000000000000000000000000000000000000000000000000000000000000000000000000000000000000003003201700000000            000000000000000                              000                           
0010001300119T 280180230000001544772 29577050133636104   7               28022017000000000007500001000000                         0900000000000000000000000000000000000000000000000000000   000000000000000000000005002        170192957705     
0010001300120U 280000000000000000000000000000000000000000000000000000000000000000000000000000000000000000000000000000000000000000000000003003201700000000            000000000000000                              000                           
0010001300121T 280180230000001544772 29577050143809810   7               28022017000000000007500001000000                         0900000000000000000000000000000000000000000000000000000   000000000000000000000005002        170192957705     
0010001300122U 280000000000000000000000000000000000000000000000000000000000000000000000000000000000000000000000000000000000000000000000003003201700000000            000000000000000                              000                           
0010001300123T 280180230000001544772 29577050826559880   7               28022017000000000007500001000000                         0900000000000000000000000000000000000000000000000000000   000000000000000000000005002        170192957705     
0010001300124U 280000000000000000000000000000000000000000000000000000000000000000000000000000000000000000000000000000000000000000000000003003201700000000            000000000000000                              000                           
0010001300125T 280180230000001544772 29577050925854919   7               28022017000000000007500001000000                         0900000000000000000000000000000000000000000000000000000   000000000000000000000005002        170192957705     
0010001300126U 280000000000000000000000000000000000000000000000000000000000000000000000000000000000000000000000000000000000000000000000003003201700000000            000000000000000                              000                           
0010001300127T 280180230000001544772 29577050927011099   7               28022017000000000007500001000000                         0900000000000000000000000000000000000000000000000000000   000000000000000000000005002        170192957705     
0010001300128U 280000000000000000000000000000000000000000000000000000000000000000000000000000000000000000000000000000000000000000000000003003201700000000            000000000000000                              000                           
0010001300129T 280180230000001544772 29577050927015583   7               28022017000000000007500001000000                         0900000000000000000000000000000000000000000000000000000   000000000000000000000005002        170192957705     
0010001300130U 280000000000000000000000000000000000000000000000000000000000000000000000000000000000000000000000000000000000000000000000003003201700000000            000000000000000                              000                           
0010001300131T 280180230000001544772 29577050927032932   7               28022017000000000007500001000000                         0900000000000000000000000000000000000000000000000000000   000000000000000000000005002        170192957705     
0010001300132U 280000000000000000000000000000000000000000000000000000000000000000000000000000000000000000000000000000000000000000000000003003201700000000            000000000000000                              000                           
0010001300133T 280180230000001544772 29577050927044474   7               28022017000000000007500001000000                         0900000000000000000000000000000000000000000000000000000   000000000000000000000005002        170192957705     
0010001300134U 280000000000000000000000000000000000000000000000000000000000000000000000000000000000000000000000000000000000000000000000003003201700000000            000000000000000                              000                           
0010001300135T 280180230000001544772 29577050928116021   7               28022017000000000007500001000000                         0900000000000000000000000000000000000000000000000000000   000000000000000000000005002        170192957705     
0010001300136U 280000000000000000000000000000000000000000000000000000000000000000000000000000000000000000000000000000000000000000000000003003201700000000            000000000000000                              000                           
0010001300137T 280180230000001544772 29577050930011040   7               28022017000000000007500001000000                         0900000000000000000000000000000000000000000000000000000   000000000000000000000005002        170192957705     
0010001300138U 280000000000000000000000000000000000000000000000000000000000000000000000000000000000000000000000000000000000000000000000003003201700000000            000000000000000                              000                           
00100015         000140005831000000000446070000000000000000000000000000000000000000000000000000000000000000000000000000000000000000000000000000000                                                                                              
00199999         000001000142000000                                                                                                                                                            00000000000000000000000000000                    
