00100000         2247745860001000029577050014       0180230000001544772 INSTITUTO DE SELECAO E TECNOLOBANCO DO BRASIL                         23103201701140700015603000000515122941PROCESSAMEN                                                 
00100011T0100020 20247745860001000029577050014       0180230000001544772 INSTITUTO DE SELECAO E TECNOLO                                                                                000000003103201700000000  000000000                      
0010001300001T 020180230000001544772 29577050170802959   7               02042017000000000007500001012408                         0900000000000010000000000000000000000000000000000000000   0000000000000000000000000A9        170192957705     
0010001300002U 020000000000000000000000000000000000000000000000000000000000000000000000000000000000000000000000000000000000000000000000003103201700000000            000000000000000                              000                           
0010001300003T 020180230000001544772 29577050171805082   7               02042017000000000007500001000213                         0900000000000010000000000000000000000000000000000000000   0000000000000000000000000A9        170192957705     
0010001300004U 020000000000000000000000000000000000000000000000000000000000000000000000000000000000000000000000000000000000000000000000003103201700000000            000000000000000                              000                           
0010001300005T 020180230000001544772 29577050248116184   7               02042017000000000007500001000213                         0900000000000010000000000000000000000000000000000000000   0000000000000000000000000A9        170192957705     
0010001300006U 020000000000000000000000000000000000000000000000000000000000000000000000000000000000000000000000000000000000000000000000003103201700000000            000000000000000                              000                           
0010001300007T 020180230000001544772 29577050492228150   7               02042017000000000007500001001120                         0900000000000010000000000000000000000000000000000000000   0000000000000000000000000A9        170192957705     
0010001300008U 020000000000000000000000000000000000000000000000000000000000000000000000000000000000000000000000000000000000000000000000003103201700000000            000000000000000                              000                           
0010001300009T 020180230000001544772 29577050492237358   7               02042017000000000007500001001120                         0900000000000010000000000000000000000000000000000000000   0000000000000000000000000A9        170192957705     
0010001300010U 020000000000000000000000000000000000000000000000000000000000000000000000000000000000000000000000000000000000000000000000003103201700000000            000000000000000                              000                           
0010001300011T 020180230000001544772 29577050492240397   7               02042017000000000007500001001120                         0900000000000010000000000000000000000000000000000000000   0000000000000000000000000A9        170192957705     
0010001300012U 020000000000000000000000000000000000000000000000000000000000000000000000000000000000000000000000000000000000000000000000003103201700000000            000000000000000                              000                           
0010001300013T 020180230000001544772 29577050492250827   7               02042017000000000007500001001120                         0900000000000010000000000000000000000000000000000000000   0000000000000000000000000A9        170192957705     
0010001300014U 020000000000000000000000000000000000000000000000000000000000000000000000000000000000000000000000000000000000000000000000003103201700000000            000000000000000                              000                           
0010001300015T 020180230000001544772 29577050503247788   7               02042017000000000007500001000213                         0900000000000010000000000000000000000000000000000000000   0000000000000000000000000A9        170192957705     
0010001300016U 020000000000000000000000000000000000000000000000000000000000000000000000000000000000000000000000000000000000000000000000003103201700000000            000000000000000                              000                           
0010001300017T 020180230000001544772 29577051419059008   7               02042017000000000010000001000132                         0900000000000010000000000000000000000000000000000000000   0000000000000000000000000A9        170192957705     
0010001300018U 020000000000000000000000000000000000000000000000000000000000000000000000000000000000000000000000000000000000000000000000003103201700000000            000000000000000                              000                           
0010001300019T 020180230000001544772 29577051492002811   7               02042017000000000007500001012408                         0900000000000010000000000000000000000000000000000000000   0000000000000000000000000A9        170192957705     
0010001300020U 020000000000000000000000000000000000000000000000000000000000000000000000000000000000000000000000000000000000000000000000003103201700000000            000000000000000                              000                           
0010001300021T 020180230000001544772 29577051492547894   7               02042017000000000007500001012408                         0900000000000010000000000000000000000000000000000000000   0000000000000000000000000A9        170192957705     
0010001300022U 020000000000000000000000000000000000000000000000000000000000000000000000000000000000000000000000000000000000000000000000003103201700000000            000000000000000                              000                           
0010001300023T 020180230000001544772 29577051493716503   7               02042017000000000007500001000213                         0900000000000010000000000000000000000000000000000000000   0000000000000000000000000A9        170192957705     
0010001300024U 020000000000000000000000000000000000000000000000000000000000000000000000000000000000000000000000000000000000000000000000003103201700000000            000000000000000                              000                           
0010001300025T 020180230000001544772 29577051516652087   7               02042017000000000010000001030864                         0900000000000010000000000000000000000000000000000000000   0000000000000000000000000A9        170192957705     
0010001300026U 020000000000000000000000000000000000000000000000000000000000000000000000000000000000000000000000000000000000000000000000003103201700000000            000000000000000                              000                           
0010001300027T 020180230000001544772 29577051527243434   7               0204201700000000000750000103049X                         0900000000000010000000000000000000000000000000000000000   0000000000000000000000000A9        170192957705     
0010001300028U 020000000000000000000000000000000000000000000000000000000000000000000000000000000000000000000000000000000000000000000000003103201700000000            000000000000000                              000                           
0010001300029T 020180230000001544772 29577051532820062   7               02042017000000000010000001016764                         0900000000000010000000000000000000000000000000000000000   0000000000000000000000000A9        170192957705     
0010001300030U 020000000000000000000000000000000000000000000000000000000000000000000000000000000000000000000000000000000000000000000000003103201700000000            000000000000000                              000                           
0010001300031T 060180230000001544772 29577050170802959   7               02042017000000000007500104025030                         0900000000000010000000000000000000000000000000000000000   000000000000000000000029000        170192957705     
0010001300032U 060000000000000000000000000000000000000000000000000000000000000000000000075000000000000072100000000000000000000000000000003103201703042017            000000000000000                              000                           
0010001300033T 060180230000001544772 29577051419059008   7               02042017000000000010000748022050                         0900000000000010000000000000000000000000000000000000000   000000000000000000000029000        170192957705     
0010001300034U 060000000000000000000000000000000000000000000000000000000000000000000000100000000000000097100000000000000000000000000000003103201703042017            000000000000000                              000                           
0010001300035T 060180230000001544772 29577051493716503   7               02042017000000000007500104025030                         0900000000000010000000000000000000000000000000000000000   000000000000000000000029000        170192957705     
0010001300036U 060000000000000000000000000000000000000000000000000000000000000000000000075000000000000072100000000000000000000000000000003103201703042017            000000000000000                              000                           
0010001300037T 060180230000001544772 29577051516652087   7               02042017000000000010000341038200                         0900000000000010000000000000000000000000000000000000000   000000000000000000000029000        170192957705     
0010001300038U 060000000000000000000000000000000000000000000000000000000000000000000000100000000000000097100000000000000000000000000000003103201703042017            000000000000000                              000                           
0010001300039T 090180230000001544772 29577050017809041   78888888888888993112201600000000000750000103049X888888888888899          0900000000000000000000000000000000000000000000000000000   000000000000000000000010009        170192957705     
0010001300040U 090000000000000000000000000000000000000000000000000000000000000000000000000000000000000000000000000000000000000000000000003103201700000000            000000000000000                              000                           
0010001300041T 090180230000001544772 29577050021145422   788888888888889931122016000000000007500001012416888888888888899          0900000000000000000000000000000000000000000000000000000   000000000000000000000010009        170192957705     
0010001300042U 090000000000000000000000000000000000000000000000000000000000000000000000000000000000000000000000000000000000000000000000003103201700000000            000000000000000                              000                           
0010001300043T 090180230000001544772 29577050021411303   788888888888889931122016000000000007500001012416888888888888899          0900000000000000000000000000000000000000000000000000000   000000000000000000000010009        170192957705     
0010001300044U 090000000000000000000000000000000000000000000000000000000000000000000000000000000000000000000000000000000000000000000000003103201700000000            000000000000000                              000                           
0010001300045T 090180230000001544772 29577050058533165   788888888888889931122016000000000007500001000213888888888888899          0900000000000000000000000000000000000000000000000000000   000000000000000000000010009        170192957705     
0010001300046U 090000000000000000000000000000000000000000000000000000000000000000000000000000000000000000000000000000000000000000000000003103201700000000            000000000000000                              000                           
0010001300047T 090180230000001544772 29577050080859688   788888888888889931122016000000000007500001004782888888888888899          0900000000000000000000000000000000000000000000000000000   000000000000000000000010009        170192957705     
0010001300048U 090000000000000000000000000000000000000000000000000000000000000000000000000000000000000000000000000000000000000000000000003103201700000000            000000000000000                              000                           
0010001300049T 090180230000001544772 29577050089907312   788888888888889931122016000000000007500001004782888888888888899          0900000000000000000000000000000000000000000000000000000   000000000000000000000010009        170192957705     
0010001300050U 090000000000000000000000000000000000000000000000000000000000000000000000000000000000000000000000000000000000000000000000003103201700000000            000000000000000                              000                           
0010001300051T 090180230000001544772 29577050103804333   78888888888888993112201600000000000750000103049X888888888888899          0900000000000000000000000000000000000000000000000000000   000000000000000000000010009        170192957705     
0010001300052U 090000000000000000000000000000000000000000000000000000000000000000000000000000000000000000000000000000000000000000000000003103201700000000            000000000000000                              000                           
0010001300053T 090180230000001544772 29577050103840919   78888888888888993112201600000000000750000103049X888888888888899          0900000000000000000000000000000000000000000000000000000   000000000000000000000010009        170192957705     
0010001300054U 090000000000000000000000000000000000000000000000000000000000000000000000000000000000000000000000000000000000000000000000003103201700000000            000000000000000                              000                           
0010001300055T 090180230000001544772 29577050103954657   788888888888889931122016000000000007500001014389888888888888899          0900000000000000000000000000000000000000000000000000000   000000000000000000000010009        170192957705     
0010001300056U 090000000000000000000000000000000000000000000000000000000000000000000000000000000000000000000000000000000000000000000000003103201700000000            000000000000000                              000                           
0010001300057T 090180230000001544772 29577050104146510   788888888888889931122016000000000007500001012416888888888888899          0900000000000000000000000000000000000000000000000000000   000000000000000000000010009        170192957705     
0010001300058U 090000000000000000000000000000000000000000000000000000000000000000000000000000000000000000000000000000000000000000000000003103201700000000            000000000000000                              000                           
0010001300059T 090180230000001544772 29577050104227908   788888888888889931122016000000000007500001014389888888888888899          0900000000000000000000000000000000000000000000000000000   000000000000000000000010009        170192957705     
0010001300060U 090000000000000000000000000000000000000000000000000000000000000000000000000000000000000000000000000000000000000000000000003103201700000000            000000000000000                              000                           
0010001300061T 090180230000001544772 29577050104343620   788888888888889931122016000000000007500001000213888888888888899          0900000000000000000000000000000000000000000000000000000   000000000000000000000010009        170192957705     
0010001300062U 090000000000000000000000000000000000000000000000000000000000000000000000000000000000000000000000000000000000000000000000003103201700000000            000000000000000                              000                           
0010001300063T 090180230000001544772 29577050104758072   788888888888889931122016000000000007500001002224888888888888899          0900000000000000000000000000000000000000000000000000000   000000000000000000000010009        170192957705     
0010001300064U 090000000000000000000000000000000000000000000000000000000000000000000000000000000000000000000000000000000000000000000000003103201700000000            000000000000000                              000                           
0010001300065T 090180230000001544772 29577050104811074   788888888888889931122016000000000007500001007617888888888888899          0900000000000000000000000000000000000000000000000000000   000000000000000000000010009        170192957705     
0010001300066U 090000000000000000000000000000000000000000000000000000000000000000000000000000000000000000000000000000000000000000000000003103201700000000            000000000000000                              000                           
0010001300067T 090180230000001544772 29577050105037620   788888888888889931122016000000000007500001012416888888888888899          0900000000000000000000000000000000000000000000000000000   000000000000000000000010009        170192957705     
0010001300068U 090000000000000000000000000000000000000000000000000000000000000000000000000000000000000000000000000000000000000000000000003103201700000000            000000000000000                              000                           
0010001300069T 090180230000001544772 29577050105114594   788888888888889931122016000000000007500001000833888888888888899          0900000000000000000000000000000000000000000000000000000   000000000000000000000010009        170192957705     
0010001300070U 090000000000000000000000000000000000000000000000000000000000000000000000000000000000000000000000000000000000000000000000003103201700000000            000000000000000                              000                           
0010001300071T 090180230000001544772 29577050105446887   788888888888889931122016000000000007500001000833888888888888899          0900000000000000000000000000000000000000000000000000000   000000000000000000000010009        170192957705     
0010001300072U 090000000000000000000000000000000000000000000000000000000000000000000000000000000000000000000000000000000000000000000000003103201700000000            000000000000000                              000                           
0010001300073T 090180230000001544772 29577050105551145   78888888888888993112201600000000000750000103049X888888888888899          0900000000000000000000000000000000000000000000000000000   000000000000000000000010009        170192957705     
0010001300074U 090000000000000000000000000000000000000000000000000000000000000000000000000000000000000000000000000000000000000000000000003103201700000000            000000000000000                              000                           
0010001300075T 090180230000001544772 29577050105606089   788888888888889931122016000000000007500001000213888888888888899          0900000000000000000000000000000000000000000000000000000   000000000000000000000010009        170192957705     
0010001300076U 090000000000000000000000000000000000000000000000000000000000000000000000000000000000000000000000000000000000000000000000003103201700000000            000000000000000                              000                           
0010001300077T 090180230000001544772 29577050105726839   788888888888889931122016000000000007500001000213888888888888899          0900000000000000000000000000000000000000000000000000000   000000000000000000000010009        170192957705     
0010001300078U 090000000000000000000000000000000000000000000000000000000000000000000000000000000000000000000000000000000000000000000000003103201700000000            000000000000000                              000                           
0010001300079T 090180230000001544772 29577050105837420   788888888888889931122016000000000007500001000213888888888888899          0900000000000000000000000000000000000000000000000000000   000000000000000000000010009        170192957705     
0010001300080U 090000000000000000000000000000000000000000000000000000000000000000000000000000000000000000000000000000000000000000000000003103201700000000            000000000000000                              000                           
0010001300081T 090180230000001544772 29577050106117251   788888888888889931122016000000000007500001001120888888888888899          0900000000000000000000000000000000000000000000000000000   000000000000000000000010009        170192957705     
0010001300082U 090000000000000000000000000000000000000000000000000000000000000000000000000000000000000000000000000000000000000000000000003103201700000000            000000000000000                              000                           
0010001300083T 090180230000001544772 29577050106349991   78888888888888993112201600000000000750000103049X888888888888899          0900000000000000000000000000000000000000000000000000000   000000000000000000000010009        170192957705     
0010001300084U 090000000000000000000000000000000000000000000000000000000000000000000000000000000000000000000000000000000000000000000000003103201700000000            000000000000000                              000                           
0010001300085T 090180230000001544772 29577050106439358   788888888888889931122016000000000007500001001120888888888888899          0900000000000000000000000000000000000000000000000000000   000000000000000000000010009        170192957705     
0010001300086U 090000000000000000000000000000000000000000000000000000000000000000000000000000000000000000000000000000000000000000000000003103201700000000            000000000000000                              000                           
0010001300087T 090180230000001544772 29577050106552468   788888888888889931122016000000000007500001012408888888888888899          0900000000000000000000000000000000000000000000000000000   000000000000000000000010009        170192957705     
0010001300088U 090000000000000000000000000000000000000000000000000000000000000000000000000000000000000000000000000000000000000000000000003103201700000000            000000000000000                              000                           
0010001300089T 090180230000001544772 29577050106625966   788888888888889931122016000000000007500001003654888888888888899          0900000000000000000000000000000000000000000000000000000   000000000000000000000010009        170192957705     
0010001300090U 090000000000000000000000000000000000000000000000000000000000000000000000000000000000000000000000000000000000000000000000003103201700000000            000000000000000                              000                           
0010001300091T 090180230000001544772 29577050106706230   788888888888889931122016000000000007500001012408888888888888899          0900000000000000000000000000000000000000000000000000000   000000000000000000000010009        170192957705     
0010001300092U 090000000000000000000000000000000000000000000000000000000000000000000000000000000000000000000000000000000000000000000000003103201700000000            000000000000000                              000                           
0010001300093T 090180230000001544772 29577050106827782   788888888888889931122016000000000007500001000213888888888888899          0900000000000000000000000000000000000000000000000000000   000000000000000000000010009        170192957705     
0010001300094U 090000000000000000000000000000000000000000000000000000000000000000000000000000000000000000000000000000000000000000000000003103201700000000            000000000000000                              000                           
0010001300095T 090180230000001544772 29577050106959343   788888888888889931122016000000000007500001012416888888888888899          0900000000000000000000000000000000000000000000000000000   000000000000000000000010009        170192957705     
0010001300096U 090000000000000000000000000000000000000000000000000000000000000000000000000000000000000000000000000000000000000000000000003103201700000000            000000000000000                              000                           
0010001300097T 090180230000001544772 29577050107023642   788888888888889931122016000000000007500001012408888888888888899          0900000000000000000000000000000000000000000000000000000   000000000000000000000010009        170192957705     
0010001300098U 090000000000000000000000000000000000000000000000000000000000000000000000000000000000000000000000000000000000000000000000003103201700000000            000000000000000                              000                           
0010001300099T 090180230000001544772 29577050107156128   788888888888889931122016000000000007500001012408888888888888899          0900000000000000000000000000000000000000000000000000000   000000000000000000000010009        170192957705     
0010001300100U 090000000000000000000000000000000000000000000000000000000000000000000000000000000000000000000000000000000000000000000000003103201700000000            000000000000000                              000                           
0010001300101T 090180230000001544772 29577050107238183   788888888888889931122016000000000007500001000213888888888888899          0900000000000000000000000000000000000000000000000000000   000000000000000000000010009        170192957705     
0010001300102U 090000000000000000000000000000000000000000000000000000000000000000000000000000000000000000000000000000000000000000000000003103201700000000            000000000000000                              000                           
0010001300103T 090180230000001544772 29577050107442596   78888888888888993112201600000000000750000103049X888888888888899          0900000000000000000000000000000000000000000000000000000   000000000000000000000010009        170192957705     
0010001300104U 090000000000000000000000000000000000000000000000000000000000000000000000000000000000000000000000000000000000000000000000003103201700000000            000000000000000                              000                           
0010001300105T 090180230000001544772 29577050107541579   788888888888889931122016000000000007500001012408888888888888899          0900000000000000000000000000000000000000000000000000000   000000000000000000000010009        170192957705     
0010001300106U 090000000000000000000000000000000000000000000000000000000000000000000000000000000000000000000000000000000000000000000000003103201700000000            000000000000000                              000                           
0010001300107T 090180230000001544772 29577050107613394   788888888888889931122016000000000010000001012408888888888888899          0900000000000000000000000000000000000000000000000000000   000000000000000000000010009        170192957705     
0010001300108U 090000000000000000000000000000000000000000000000000000000000000000000000000000000000000000000000000000000000000000000000003103201700000000            000000000000000                              000                           
0010001300109T 090180230000001544772 29577050107748993   788888888888889931122016000000000007500001012408888888888888899          0900000000000000000000000000000000000000000000000000000   000000000000000000000010009        170192957705     
0010001300110U 090000000000000000000000000000000000000000000000000000000000000000000000000000000000000000000000000000000000000000000000003103201700000000            000000000000000                              000                           
0010001300111T 090180230000001544772 29577050107801601   78888888888888993112201600000000000750000103049X888888888888899          0900000000000000000000000000000000000000000000000000000   000000000000000000000010009        170192957705     
0010001300112U 090000000000000000000000000000000000000000000000000000000000000000000000000000000000000000000000000000000000000000000000003103201700000000            000000000000000                              000                           
0010001300113T 090180230000001544772 29577050107816461   78888888888888993112201600000000000750000103049X888888888888899          0900000000000000000000000000000000000000000000000000000   000000000000000000000010009        170192957705     
0010001300114U 090000000000000000000000000000000000000000000000000000000000000000000000000000000000000000000000000000000000000000000000003103201700000000            000000000000000                              000                           
0010001300115T 090180230000001544772 29577050107936559   788888888888889931122016000000000007500001000213888888888888899          0900000000000000000000000000000000000000000000000000000   000000000000000000000010009        170192957705     
0010001300116U 090000000000000000000000000000000000000000000000000000000000000000000000000000000000000000000000000000000000000000000000003103201700000000            000000000000000                              000                           
0010001300117T 090180230000001544772 29577050108014361   788888888888889931122016000000000010000001001120888888888888899          0900000000000000000000000000000000000000000000000000000   000000000000000000000010009        170192957705     
0010001300118U 090000000000000000000000000000000000000000000000000000000000000000000000000000000000000000000000000000000000000000000000003103201700000000            000000000000000                              000                           
0010001300119T 090180230000001544772 29577050108101793   788888888888889931122016000000000007500001000833888888888888899          0900000000000000000000000000000000000000000000000000000   000000000000000000000010009        170192957705     
0010001300120U 090000000000000000000000000000000000000000000000000000000000000000000000000000000000000000000000000000000000000000000000003103201700000000            000000000000000                              000                           
0010001300121T 090180230000001544772 29577050108232298   788888888888889931122016000000000007500001012416888888888888899          0900000000000000000000000000000000000000000000000000000   000000000000000000000010009        170192957705     
0010001300122U 090000000000000000000000000000000000000000000000000000000000000000000000000000000000000000000000000000000000000000000000003103201700000000            000000000000000                              000                           
0010001300123T 090180230000001544772 29577050108240660   788888888888889931122016000000000007500001012416888888888888899          0900000000000000000000000000000000000000000000000000000   000000000000000000000010009        170192957705     
0010001300124U 090000000000000000000000000000000000000000000000000000000000000000000000000000000000000000000000000000000000000000000000003103201700000000            000000000000000                              000                           
0010001300125T 090180230000001544772 29577050108357017   788888888888889931122016000000000007500001012408888888888888899          0900000000000000000000000000000000000000000000000000000   000000000000000000000010009        170192957705     
0010001300126U 090000000000000000000000000000000000000000000000000000000000000000000000000000000000000000000000000000000000000000000000003103201700000000            000000000000000                              000                           
0010001300127T 090180230000001544772 29577050108435391   788888888888889931122016000000000007500001000833888888888888899          0900000000000000000000000000000000000000000000000000000   000000000000000000000010009        170192957705     
0010001300128U 090000000000000000000000000000000000000000000000000000000000000000000000000000000000000000000000000000000000000000000000003103201700000000            000000000000000                              000                           
0010001300129T 090180230000001544772 29577050108517420   788888888888889931122016000000000007500001012408888888888888899          0900000000000000000000000000000000000000000000000000000   000000000000000000000010009        170192957705     
0010001300130U 090000000000000000000000000000000000000000000000000000000000000000000000000000000000000000000000000000000000000000000000003103201700000000            000000000000000                              000                           
0010001300131T 090180230000001544772 29577050108740113   788888888888889931122016000000000007500001004782888888888888899          0900000000000000000000000000000000000000000000000000000   000000000000000000000010009        170192957705     
0010001300132U 090000000000000000000000000000000000000000000000000000000000000000000000000000000000000000000000000000000000000000000000003103201700000000            000000000000000                              000                           
0010001300133T 090180230000001544772 29577050108808236   788888888888889931122016000000000007500001000833888888888888899          0900000000000000000000000000000000000000000000000000000   000000000000000000000010009        170192957705     
0010001300134U 090000000000000000000000000000000000000000000000000000000000000000000000000000000000000000000000000000000000000000000000003103201700000000            000000000000000                              000                           
0010001300135T 090180230000001544772 29577050108912065   788888888888889931122016000000000007500001036951888888888888899          0900000000000000000000000000000000000000000000000000000   000000000000000000000010009        170192957705     
0010001300136U 090000000000000000000000000000000000000000000000000000000000000000000000000000000000000000000000000000000000000000000000003103201700000000            000000000000000                              000                           
0010001300137T 090180230000001544772 29577050109309420   788888888888889931122016000000000007500001000051888888888888899          0900000000000000000000000000000000000000000000000000000   000000000000000000000010009        170192957705     
0010001300138U 090000000000000000000000000000000000000000000000000000000000000000000000000000000000000000000000000000000000000000000000003103201700000000            000000000000000                              000                           
0010001300139T 090180230000001544772 29577050109443579   788888888888889931122016000000000007500001000051888888888888899          0900000000000000000000000000000000000000000000000000000   000000000000000000000010009        170192957705     
0010001300140U 090000000000000000000000000000000000000000000000000000000000000000000000000000000000000000000000000000000000000000000000003103201700000000            000000000000000                              000                           
0010001300141T 280180230000001544772 29577050000611634   7               30012017000000000007500001000000                         0900000000000000000000000000000000000000000000000000000   000000000000000000000005002        170192957705     
0010001300142U 280000000000000000000000000000000000000000000000000000000000000000000000000000000000000000000000000000000000000000000000003103201700000000            000000000000000                              000                           
0010001300143T 280180230000001544772 29577050010125423   7               01032017000000000007500001000000                         0900000000000000000000000000000000000000000000000000000   000000000000000000000005002        170192957705     
0010001300144U 280000000000000000000000000000000000000000000000000000000000000000000000000000000000000000000000000000000000000000000000003103201700000000            000000000000000                              000                           
0010001300145T 280180230000001544772 29577050010149718   7               01032017000000000007500001000000                         0900000000000000000000000000000000000000000000000000000   000000000000000000000005002        170192957705     
0010001300146U 280000000000000000000000000000000000000000000000000000000000000000000000000000000000000000000000000000000000000000000000003103201700000000            000000000000000                              000                           
0010001300147T 280180230000001544772 29577050209537219   7               01032017000000000007500001000000                         0900000000000000000000000000000000000000000000000000000   000000000000000000000005002        170192957705     
0010001300148U 280000000000000000000000000000000000000000000000000000000000000000000000000000000000000000000000000000000000000000000000003103201700000000            000000000000000                              000                           
0010001300149T 280180230000001544772 29577050291846409   7               01032017000000000007500001000000                         0900000000000000000000000000000000000000000000000000000   000000000000000000000005002        170192957705     
0010001300150U 280000000000000000000000000000000000000000000000000000000000000000000000000000000000000000000000000000000000000000000000003103201700000000            000000000000000                              000                           
0010001300151T 280180230000001544772 29577050510641737   7               01032017000000000007500001000000                         0900000000000000000000000000000000000000000000000000000   000000000000000000000005002        170192957705     
0010001300152U 280000000000000000000000000000000000000000000000000000000000000000000000000000000000000000000000000000000000000000000000003103201700000000            000000000000000                              000                           
0010001300153T 280180230000001544772 29577050516613129   7               01032017000000000007500001000000                         0900000000000000000000000000000000000000000000000000000   000000000000000000000005002        170192957705     
0010001300154U 280000000000000000000000000000000000000000000000000000000000000000000000000000000000000000000000000000000000000000000000003103201700000000            000000000000000                              000                           
0010001300155T 280180230000001544772 29577050516647652   7               01032017000000000007500001000000                         0900000000000000000000000000000000000000000000000000000   000000000000000000000005002        170192957705     
0010001300156U 280000000000000000000000000000000000000000000000000000000000000000000000000000000000000000000000000000000000000000000000003103201700000000            000000000000000                              000                           
0010001300157T 280180230000001544772 29577050612838380   7               01032017000000000007500001000000                         0900000000000000000000000000000000000000000000000000000   000000000000000000000005002        170192957705     
0010001300158U 280000000000000000000000000000000000000000000000000000000000000000000000000000000000000000000000000000000000000000000000003103201700000000            000000000000000                              000                           
0010001300159T 280180230000001544772 29577050694618438   7               01032017000000000007500001000000                         0900000000000000000000000000000000000000000000000000000   000000000000000000000005002        170192957705     
0010001300160U 280000000000000000000000000000000000000000000000000000000000000000000000000000000000000000000000000000000000000000000000003103201700000000            000000000000000                              000                           
0010001300161T 280180230000001544772 29577050694640555   7               01032017000000000007500001000000                         0900000000000000000000000000000000000000000000000000000   000000000000000000000005002        170192957705     
0010001300162U 280000000000000000000000000000000000000000000000000000000000000000000000000000000000000000000000000000000000000000000000003103201700000000            000000000000000                              000                           
0010001300163T 280180230000001544772 29577050931240162   7               01032017000000000007500001000000                         0900000000000000000000000000000000000000000000000000000   000000000000000000000005002        170192957705     
0010001300164U 280000000000000000000000000000000000000000000000000000000000000000000000000000000000000000000000000000000000000000000000003103201700000000            000000000000000                              000                           
0010001300165T 280180230000001544772 29577050931524983   7               01032017000000000007500001000000                         0900000000000000000000000000000000000000000000000000000   000000000000000000000005002        170192957705     
0010001300166U 280000000000000000000000000000000000000000000000000000000000000000000000000000000000000000000000000000000000000000000000003103201700000000            000000000000000                              000                           
0010001300167T 280180230000001544772 29577050931612631   7               01032017000000000007500001000000                         0900000000000000000000000000000000000000000000000000000   000000000000000000000005002        170192957705     
0010001300168U 280000000000000000000000000000000000000000000000000000000000000000000000000000000000000000000000000000000000000000000000003103201700000000            000000000000000                              000                           
0010001300169T 280180230000001544772 29577050932123452   7               01032017000000000007500001000000                         0900000000000000000000000000000000000000000000000000000   000000000000000000000005002        170192957705     
0010001300170U 280000000000000000000000000000000000000000000000000000000000000000000000000000000000000000000000000000000000000000000000003103201700000000            000000000000000                              000                           
0010001300171T 280180230000001544772 29577050932152583   7               01032017000000000007500001000000                         0900000000000000000000000000000000000000000000000000000   000000000000000000000005002        170192957705     
0010001300172U 280000000000000000000000000000000000000000000000000000000000000000000000000000000000000000000000000000000000000000000000003103201700000000            000000000000000                              000                           
0010001300173T 280180230000001544772 29577050932825209   7               01032017000000000007500001000000                         0900000000000000000000000000000000000000000000000000000   000000000000000000000005002        170192957705     
0010001300174U 280000000000000000000000000000000000000000000000000000000000000000000000000000000000000000000000000000000000000000000000003103201700000000            000000000000000                              000                           
0010001300175T 280180230000001544772 29577050932901010   7               01032017000000000007500001000000                         0900000000000000000000000000000000000000000000000000000   000000000000000000000005002        170192957705     
0010001300176U 280000000000000000000000000000000000000000000000000000000000000000000000000000000000000000000000000000000000000000000000003103201700000000            000000000000000                              000                           
0010001300177T 280180230000001544772 29577050933019064   7               01032017000000000007500001000000                         0900000000000000000000000000000000000000000000000000000   000000000000000000000005002        170192957705     
0010001300178U 280000000000000000000000000000000000000000000000000000000000000000000000000000000000000000000000000000000000000000000000003103201700000000            000000000000000                              000                           
0010001300179T 280180230000001544772 29577050933043820   7               01032017000000000007500001000000                         0900000000000000000000000000000000000000000000000000000   000000000000000000000005002        170192957705     
0010001300180U 280000000000000000000000000000000000000000000000000000000000000000000000000000000000000000000000000000000000000000000000003103201700000000            000000000000000                              000                           
0010001300181T 280180230000001544772 29577050933210195   7               01032017000000000007500001000000                         0900000000000000000000000000000000000000000000000000000   000000000000000000000005002        170192957705     
0010001300182U 280000000000000000000000000000000000000000000000000000000000000000000000000000000000000000000000000000000000000000000000003103201700000000            000000000000000                              000                           
0010001300183T 280180230000001544772 29577050934238126   7               01032017000000000007500001000000                         0900000000000000000000000000000000000000000000000000000   000000000000000000000005002        170192957705     
0010001300184U 280000000000000000000000000000000000000000000000000000000000000000000000000000000000000000000000000000000000000000000000003103201700000000            000000000000000                              000                           
0010001300185T 280180230000001544772 29577050935207771   7               01032017000000000007500001000000                         0900000000000000000000000000000000000000000000000000000   000000000000000000000005002        170192957705     
0010001300186U 280000000000000000000000000000000000000000000000000000000000000000000000000000000000000000000000000000000000000000000000003103201700000000            000000000000000                              000                           
0010001300187T 280180230000001544772 29577050935657345   7               01032017000000000007500001000000                         0900000000000000000000000000000000000000000000000000000   000000000000000000000005002        170192957705     
0010001300188U 280000000000000000000000000000000000000000000000000000000000000000000000000000000000000000000000000000000000000000000000003103201700000000            000000000000000                              000                           
0010001300189T 280180230000001544772 29577050935942009   7               01032017000000000007500001000000                         0900000000000000000000000000000000000000000000000000000   000000000000000000000005002        170192957705     
0010001300190U 280000000000000000000000000000000000000000000000000000000000000000000000000000000000000000000000000000000000000000000000003103201700000000            000000000000000                              000                           
0010001300191T 280180230000001544772 29577050936047930   7               01032017000000000007500001000000                         0900000000000000000000000000000000000000000000000000000   000000000000000000000005002        170192957705     
0010001300192U 280000000000000000000000000000000000000000000000000000000000000000000000000000000000000000000000000000000000000000000000003103201700000000            000000000000000                              000                           
0010001300193T 280180230000001544772 29577050936216614   7               01032017000000000007500001000000                         0900000000000000000000000000000000000000000000000000000   000000000000000000000005002        170192957705     
0010001300194U 280000000000000000000000000000000000000000000000000000000000000000000000000000000000000000000000000000000000000000000000003103201700000000            000000000000000                              000                           
0010001300195T 280180230000001544772 29577050936749584   7               01032017000000000007500001000000                         0900000000000000000000000000000000000000000000000000000   000000000000000000000005002        170192957705     
0010001300196U 280000000000000000000000000000000000000000000000000000000000000000000000000000000000000000000000000000000000000000000000003103201700000000            000000000000000                              000                           
0010001300197T 280180230000001544772 29577050936850713   7               01032017000000000007500001000000                         0900000000000000000000000000000000000000000000000000000   000000000000000000000005002        170192957705     
0010001300198U 280000000000000000000000000000000000000000000000000000000000000000000000000000000000000000000000000000000000000000000000003103201700000000            000000000000000                              000                           
0010001300199T 280180230000001544772 29577050937432955   7               01032017000000000007500001000000                         0900000000000000000000000000000000000000000000000000000   000000000000000000000005002        170192957705     
0010001300200U 280000000000000000000000000000000000000000000000000000000000000000000000000000000000000000000000000000000000000000000000003103201700000000            000000000000000                              000                           
0010001300201T 280180230000001544772 29577050938301428   7               01032017000000000007500001000000                         0900000000000000000000000000000000000000000000000000000   000000000000000000000005002        170192957705     
0010001300202U 280000000000000000000000000000000000000000000000000000000000000000000000000000000000000000000000000000000000000000000000003103201700000000            000000000000000                              000                           
0010001300203T 280180230000001544772 29577050938613305   7               01032017000000000007500001000000                         0900000000000000000000000000000000000000000000000000000   000000000000000000000005002        170192957705     
0010001300204U 280000000000000000000000000000000000000000000000000000000000000000000000000000000000000000000000000000000000000000000000003103201700000000            000000000000000                              000                           
0010001300205T 280180230000001544772 29577050939139077   7               01032017000000000007500001000000                         0900000000000000000000000000000000000000000000000000000   000000000000000000000005002        170192957705     
0010001300206U 280000000000000000000000000000000000000000000000000000000000000000000000000000000000000000000000000000000000000000000000003103201700000000            000000000000000                              000                           
00100015         000208005791000000000443045000000000000000000000000000000000000000000000000000000000000000000000000000000000000000000000000000000                                                                                              
00199999         000001000210000000                                                                                                                                                            00000000000000000000000000000                    
