00100000         2247745860001000029577050014       0180230000001544772 INSTITUTO DE SELECAO E TECNOLOBANCO DO BRASIL                         20504201701225900016203000000515122941PROCESSAMEN                                                 
00100011T0100020 20247745860001000029577050014       0180230000001544772 INSTITUTO DE SELECAO E TECNOLO                                                                                000000000504201700000000  000000000                      
0010001300001T 020180230000001544772 29577050058556852   7               07042017000000000007500001000213                         0900000000000010500000000000000000000000000000000000000   0000000000000000000000000A9A4      170192957705     
0010001300002U 020000000000000000000000000000000000000000000000000000000000000000000000000000000000000000000000000000000000000000000000000504201700000000            000000000000000                              000                           
0010001300003T 020180230000001544772 29577050058651648   7               07042017000000000007500001000213                         0900000000000010500000000000000000000000000000000000000   0000000000000000000000000A9A4      170192957705     
0010001300004U 020000000000000000000000000000000000000000000000000000000000000000000000000000000000000000000000000000000000000000000000000504201700000000            000000000000000                              000                           
0010001300005T 020180230000001544772 29577050077736853   7               07042017000000000007500001012408                         0900000000000010000000000000000000000000000000000000000   0000000000000000000000000A9        170192957705     
0010001300006U 020000000000000000000000000000000000000000000000000000000000000000000000000000000000000000000000000000000000000000000000000504201700000000            000000000000000                              000                           
0010001300007T 020180230000001544772 29577050093645720   7               07042017000000000007500001000213                         0900000000000010000000000000000000000000000000000000000   0000000000000000000000000A9        170192957705     
0010001300008U 020000000000000000000000000000000000000000000000000000000000000000000000000000000000000000000000000000000000000000000000000504201700000000            000000000000000                              000                           
0010001300009T 020180230000001544772 29577050223214054   7               0704201700000000000750000103049X                         0900000000000010000000000000000000000000000000000000000   0000000000000000000000000A9        170192957705     
0010001300010U 020000000000000000000000000000000000000000000000000000000000000000000000000000000000000000000000000000000000000000000000000504201700000000            000000000000000                              000                           
0010001300011T 020180230000001544772 29577050404720102   7               0704201700000000000750000103049X                         0900000000000010000000000000000000000000000000000000000   0000000000000000000000000A9        170192957705     
0010001300012U 020000000000000000000000000000000000000000000000000000000000000000000000000000000000000000000000000000000000000000000000000504201700000000            000000000000000                              000                           
0010001300013T 020180230000001544772 29577050405957410   7               07042017000000000007500001012416                         0900000000000010000000000000000000000000000000000000000   0000000000000000000000000A9        170192957705     
0010001300014U 020000000000000000000000000000000000000000000000000000000000000000000000000000000000000000000000000000000000000000000000000504201700000000            000000000000000                              000                           
0010001300015T 020180230000001544772 29577050407402011   7               0704201700000000000750000103049X                         0900000000000010500000000000000000000000000000000000000   0000000000000000000000000A9A4      170192957705     
0010001300016U 020000000000000000000000000000000000000000000000000000000000000000000000000000000000000000000000000000000000000000000000000504201700000000            000000000000000                              000                           
0010001300017T 020180230000001544772 29577050492251331   7               07042017000000000007500001001120                         0900000000000010000000000000000000000000000000000000000   0000000000000000000000000A9        170192957705     
0010001300018U 020000000000000000000000000000000000000000000000000000000000000000000000000000000000000000000000000000000000000000000000000504201700000000            000000000000000                              000                           
0010001300019T 020180230000001544772 29577050656439779   7               0704201700000000000750000103049X                         0900000000000010000000000000000000000000000000000000000   0000000000000000000000000A9        170192957705     
0010001300020U 020000000000000000000000000000000000000000000000000000000000000000000000000000000000000000000000000000000000000000000000000504201700000000            000000000000000                              000                           
0010001300021T 020180230000001544772 29577050859311849   7               07042017000000000007500001012408                         0900000000000010000000000000000000000000000000000000000   0000000000000000000000000A9        170192957705     
0010001300022U 020000000000000000000000000000000000000000000000000000000000000000000000000000000000000000000000000000000000000000000000000504201700000000            000000000000000                              000                           
0010001300023T 020180230000001544772 29577050952125175   7               07042017000000000007500001000213                         0900000000000010000000000000000000000000000000000000000   0000000000000000000000000A9        170192957705     
0010001300024U 020000000000000000000000000000000000000000000000000000000000000000000000000000000000000000000000000000000000000000000000000504201700000000            000000000000000                              000                           
0010001300025T 020180230000001544772 29577050982500641   7               07042017000000000007500001000213                         0900000000000010000000000000000000000000000000000000000   0000000000000000000000000A9        170192957705     
0010001300026U 020000000000000000000000000000000000000000000000000000000000000000000000000000000000000000000000000000000000000000000000000504201700000000            000000000000000                              000                           
0010001300027T 020180230000001544772 29577050982702095   7               07042017000000000007500001000213                         0900000000000010000000000000000000000000000000000000000   0000000000000000000000000A9        170192957705     
0010001300028U 020000000000000000000000000000000000000000000000000000000000000000000000000000000000000000000000000000000000000000000000000504201700000000            000000000000000                              000                           
0010001300029T 020180230000001544772 29577051037321634   7               07042017000000000007500001012408                         0900000000000010000000000000000000000000000000000000000   0000000000000000000000000A9        170192957705     
0010001300030U 020000000000000000000000000000000000000000000000000000000000000000000000000000000000000000000000000000000000000000000000000504201700000000            000000000000000                              000                           
0010001300031T 020180230000001544772 29577051157421340   7               07042017000000000007500001012416                         0900000000000010000000000000000000000000000000000000000   0000000000000000000000000A9        170192957705     
0010001300032U 020000000000000000000000000000000000000000000000000000000000000000000000000000000000000000000000000000000000000000000000000504201700000000            000000000000000                              000                           
0010001300033T 020180230000001544772 29577051157444641   7               07042017000000000007500001012416                         0900000000000010000000000000000000000000000000000000000   0000000000000000000000000A9        170192957705     
0010001300034U 020000000000000000000000000000000000000000000000000000000000000000000000000000000000000000000000000000000000000000000000000504201700000000            000000000000000                              000                           
0010001300035T 020180230000001544772 29577051267613923   7               07042017000000000007500001021121                         0900000000000010000000000000000000000000000000000000000   0000000000000000000000000A9        170192957705     
0010001300036U 020000000000000000000000000000000000000000000000000000000000000000000000000000000000000000000000000000000000000000000000000504201700000000            000000000000000                              000                           
0010001300037T 020180230000001544772 29577051278229487   7               07042017000000000007500001000213                         0900000000000010000000000000000000000000000000000000000   0000000000000000000000000A9        170192957705     
0010001300038U 020000000000000000000000000000000000000000000000000000000000000000000000000000000000000000000000000000000000000000000000000504201700000000            000000000000000                              000                           
0010001300039T 020180230000001544772 29577051520625371   7               07042017000000000007500001012416                         0900000000000010000000000000000000000000000000000000000   0000000000000000000000000A9        170192957705     
0010001300040U 020000000000000000000000000000000000000000000000000000000000000000000000000000000000000000000000000000000000000000000000000504201700000000            000000000000000                              000                           
0010001300041T 020180230000001544772 29577051567523750   7               0704201700000000000750000103049X                         0900000000000010000000000000000000000000000000000000000   0000000000000000000000000A9        170192957705     
0010001300042U 020000000000000000000000000000000000000000000000000000000000000000000000000000000000000000000000000000000000000000000000000504201700000000            000000000000000                              000                           
0010001300043T 020180230000001544772 29577051567524117   7               0704201700000000000750000103049X                         0900000000000010000000000000000000000000000000000000000   0000000000000000000000000A9        170192957705     
0010001300044U 020000000000000000000000000000000000000000000000000000000000000000000000000000000000000000000000000000000000000000000000000504201700000000            000000000000000                              000                           
0010001300045T 020180230000001544772 29577051576824206   7               07042017000000000007500001012408                         0900000000000010000000000000000000000000000000000000000   0000000000000000000000000A9        170192957705     
0010001300046U 020000000000000000000000000000000000000000000000000000000000000000000000000000000000000000000000000000000000000000000000000504201700000000            000000000000000                              000                           
0010001300047T 020180230000001544772 29577051576824546   7               07042017000000000007500001012408                         0900000000000010000000000000000000000000000000000000000   0000000000000000000000000A9        170192957705     
0010001300048U 020000000000000000000000000000000000000000000000000000000000000000000000000000000000000000000000000000000000000000000000000504201700000000            000000000000000                              000                           
0010001300049T 020180230000001544772 29577051583622752   7               07042017000000000007500001000213                         0900000000000010000000000000000000000000000000000000000   0000000000000000000000000A9        170192957705     
0010001300050U 020000000000000000000000000000000000000000000000000000000000000000000000000000000000000000000000000000000000000000000000000504201700000000            000000000000000                              000                           
0010001300051T 020180230000001544772 29577051591843066   7               07042017000000000007500001000213                         0900000000000010000000000000000000000000000000000000000   0000000000000000000000000A9        170192957705     
0010001300052U 020000000000000000000000000000000000000000000000000000000000000000000000000000000000000000000000000000000000000000000000000504201700000000            000000000000000                              000                           
0010001300053T 020180230000001544772 29577051602938438   7               07042017000000000007500001046280                         0900000000000010500000000000000000000000000000000000000   0000000000000000000000000A9A4      170192957705     
0010001300054U 020000000000000000000000000000000000000000000000000000000000000000000000000000000000000000000000000000000000000000000000000504201700000000            000000000000000                              000                           
0010001300055T 020180230000001544772 29577051604217737   7               06042017000000000007500001012408                         0900000000000010000000000000000000000000000000000000000   0000000000000000000000000A9        170192957705     
0010001300056U 020000000000000000000000000000000000000000000000000000000000000000000000000000000000000000000000000000000000000000000000000404201700000000            000000000000000                              000                           
0010001300057T 020180230000001544772 29577051605445884   7               0704201700000000000750000103049X                         0900000000000010000000000000000000000000000000000000000   0000000000000000000000000A9        170192957705     
0010001300058U 020000000000000000000000000000000000000000000000000000000000000000000000000000000000000000000000000000000000000000000000000504201700000000            000000000000000                              000                           
0010001300059T 020180230000001544772 29577051608206265   7               07042017000000000007500001012408                         0900000000000010000000000000000000000000000000000000000   0000000000000000000000000A9        170192957705     
0010001300060U 020000000000000000000000000000000000000000000000000000000000000000000000000000000000000000000000000000000000000000000000000504201700000000            000000000000000                              000                           
0010001300061T 020180230000001544772 29577051608307698   7               07042017000000000007500001012416                         0900000000000010000000000000000000000000000000000000000   0000000000000000000000000A9        170192957705     
0010001300062U 020000000000000000000000000000000000000000000000000000000000000000000000000000000000000000000000000000000000000000000000000504201700000000            000000000000000                              000                           
0010001300063T 020180230000001544772 29577051608730265   7               07042017000000000007500001000213                         0900000000000010000000000000000000000000000000000000000   0000000000000000000000000A9        170192957705     
0010001300064U 020000000000000000000000000000000000000000000000000000000000000000000000000000000000000000000000000000000000000000000000000504201700000000            000000000000000                              000                           
0010001300065T 020180230000001544772 29577051609011282   7               07042017000000000007500001012408                         0900000000000010000000000000000000000000000000000000000   0000000000000000000000000A9        170192957705     
0010001300066U 020000000000000000000000000000000000000000000000000000000000000000000000000000000000000000000000000000000000000000000000000504201700000000            000000000000000                              000                           
0010001300067T 020180230000001544772 29577051609014213   7               07042017000000000007500001012408                         0900000000000010000000000000000000000000000000000000000   0000000000000000000000000A9        170192957705     
0010001300068U 020000000000000000000000000000000000000000000000000000000000000000000000000000000000000000000000000000000000000000000000000504201700000000            000000000000000                              000                           
0010001300069T 020180230000001544772 29577051609051619   7               07042017000000000007500001012408                         0900000000000010000000000000000000000000000000000000000   0000000000000000000000000A9        170192957705     
0010001300070U 020000000000000000000000000000000000000000000000000000000000000000000000000000000000000000000000000000000000000000000000000504201700000000            000000000000000                              000                           
0010001300071T 020180230000001544772 29577051609054246   7               07042017000000000007500001012408                         0900000000000010000000000000000000000000000000000000000   0000000000000000000000000A9        170192957705     
0010001300072U 020000000000000000000000000000000000000000000000000000000000000000000000000000000000000000000000000000000000000000000000000504201700000000            000000000000000                              000                           
0010001300073T 020180230000001544772 29577051609357575   7               07042017000000000010000001012408                         0900000000000010000000000000000000000000000000000000000   0000000000000000000000000A9        170192957705     
0010001300074U 020000000000000000000000000000000000000000000000000000000000000000000000000000000000000000000000000000000000000000000000000504201700000000            000000000000000                              000                           
0010001300075T 020180230000001544772 29577051612153941   7               07042017000000000007500001012408                         0900000000000010000000000000000000000000000000000000000   0000000000000000000000000A9        170192957705     
0010001300076U 020000000000000000000000000000000000000000000000000000000000000000000000000000000000000000000000000000000000000000000000000504201700000000            000000000000000                              000                           
0010001300077T 020180230000001544772 29577051612559141   7               07042017000000000007500001000213                         0900000000000010000000000000000000000000000000000000000   0000000000000000000000000A9        170192957705     
0010001300078U 020000000000000000000000000000000000000000000000000000000000000000000000000000000000000000000000000000000000000000000000000504201700000000            000000000000000                              000                           
0010001300079T 020180230000001544772 29577051612624081   7               07042017000000000007500001012408                         0900000000000010000000000000000000000000000000000000000   0000000000000000000000000A9        170192957705     
0010001300080U 020000000000000000000000000000000000000000000000000000000000000000000000000000000000000000000000000000000000000000000000000504201700000000            000000000000000                              000                           
0010001300081T 020180230000001544772 29577051612701586   7               07042017000000000010000001009245                         0900000000000010000000000000000000000000000000000000000   0000000000000000000000000A9        170192957705     
0010001300082U 020000000000000000000000000000000000000000000000000000000000000000000000000000000000000000000000000000000000000000000000000504201700000000            000000000000000                              000                           
0010001300083T 020180230000001544772 29577051612702695   7               07042017000000000010000001009245                         0900000000000010000000000000000000000000000000000000000   0000000000000000000000000A9        170192957705     
0010001300084U 020000000000000000000000000000000000000000000000000000000000000000000000000000000000000000000000000000000000000000000000000504201700000000            000000000000000                              000                           
0010001300085T 020180230000001544772 29577051613202151   7               07042017000000000007500001000213                         0900000000000010000000000000000000000000000000000000000   0000000000000000000000000A9        170192957705     
0010001300086U 020000000000000000000000000000000000000000000000000000000000000000000000000000000000000000000000000000000000000000000000000504201700000000            000000000000000                              000                           
0010001300087T 020180230000001544772 29577051613224598   7               07042017000000000007500001000213                         0900000000000010000000000000000000000000000000000000000   0000000000000000000000000A9        170192957705     
0010001300088U 020000000000000000000000000000000000000000000000000000000000000000000000000000000000000000000000000000000000000000000000000504201700000000            000000000000000                              000                           
0010001300089T 020180230000001544772 29577051613444544   7               0704201700000000000750000103049X                         0900000000000010000000000000000000000000000000000000000   0000000000000000000000000A9        170192957705     
0010001300090U 020000000000000000000000000000000000000000000000000000000000000000000000000000000000000000000000000000000000000000000000000504201700000000            000000000000000                              000                           
0010001300091T 020180230000001544772 29577051613506227   7               07042017000000000007500001012408                         0900000000000010000000000000000000000000000000000000000   0000000000000000000000000A9        170192957705     
0010001300092U 020000000000000000000000000000000000000000000000000000000000000000000000000000000000000000000000000000000000000000000000000504201700000000            000000000000000                              000                           
0010001300093T 020180230000001544772 29577051614526036   7               0704201700000000000750000103049X                         0900000000000010500000000000000000000000000000000000000   0000000000000000000000000A9A4      170192957705     
0010001300094U 020000000000000000000000000000000000000000000000000000000000000000000000000000000000000000000000000000000000000000000000000504201700000000            000000000000000                              000                           
0010001300095T 020180230000001544772 29577051614542090   7               0704201700000000000750000103049X                         0900000000000010500000000000000000000000000000000000000   0000000000000000000000000A9A4      170192957705     
0010001300096U 020000000000000000000000000000000000000000000000000000000000000000000000000000000000000000000000000000000000000000000000000504201700000000            000000000000000                              000                           
0010001300097T 020180230000001544772 29577051614557266   7               0704201700000000000750000103049X                         0900000000000010500000000000000000000000000000000000000   0000000000000000000000000A9A4      170192957705     
0010001300098U 020000000000000000000000000000000000000000000000000000000000000000000000000000000000000000000000000000000000000000000000000504201700000000            000000000000000                              000                           
0010001300099T 020180230000001544772 29577051614809898   7               0704201700000000000750000103049X                         0900000000000010000000000000000000000000000000000000000   0000000000000000000000000A9        170192957705     
0010001300100U 020000000000000000000000000000000000000000000000000000000000000000000000000000000000000000000000000000000000000000000000000504201700000000            000000000000000                              000                           
0010001300101T 020180230000001544772 29577051615102125   7               07042017000000000007500001012408                         0900000000000010000000000000000000000000000000000000000   0000000000000000000000000A9        170192957705     
0010001300102U 020000000000000000000000000000000000000000000000000000000000000000000000000000000000000000000000000000000000000000000000000504201700000000            000000000000000                              000                           
0010001300103T 020180230000001544772 29577051615505319   7               07042017000000000007500001046280                         0900000000000010000000000000000000000000000000000000000   0000000000000000000000000A9        170192957705     
0010001300104U 020000000000000000000000000000000000000000000000000000000000000000000000000000000000000000000000000000000000000000000000000504201700000000            000000000000000                              000                           
0010001300105T 020180230000001544772 29577051615716782   7               07042017000000000010000001012408                         0900000000000010000000000000000000000000000000000000000   0000000000000000000000000A9        170192957705     
0010001300106U 020000000000000000000000000000000000000000000000000000000000000000000000000000000000000000000000000000000000000000000000000504201700000000            000000000000000                              000                           
0010001300107T 020180230000001544772 29577051616606714   7               07042017000000000010000001000213                         0900000000000010000000000000000000000000000000000000000   0000000000000000000000000A9        170192957705     
0010001300108U 020000000000000000000000000000000000000000000000000000000000000000000000000000000000000000000000000000000000000000000000000504201700000000            000000000000000                              000                           
0010001300109T 020180230000001544772 29577051618625116   7               07042017000000000007500001009245                         0900000000000010000000000000000000000000000000000000000   0000000000000000000000000A9        170192957705     
0010001300110U 020000000000000000000000000000000000000000000000000000000000000000000000000000000000000000000000000000000000000000000000000504201700000000            000000000000000                              000                           
0010001300111T 020180230000001544772 29577051619105013   7               07042017000000000007500001000833                         0900000000000010500000000000000000000000000000000000000   0000000000000000000000000A9A4      170192957705     
0010001300112U 020000000000000000000000000000000000000000000000000000000000000000000000000000000000000000000000000000000000000000000000000504201700000000            000000000000000                              000                           
0010001300113T 020180230000001544772 29577051620403650   7               0704201700000000000750000103049X                         0900000000000010000000000000000000000000000000000000000   0000000000000000000000000A9        170192957705     
0010001300114U 020000000000000000000000000000000000000000000000000000000000000000000000000000000000000000000000000000000000000000000000000504201700000000            000000000000000                              000                           
0010001300115T 020180230000001544772 29577051620702300   7               07042017000000000007500001012408                         0900000000000010000000000000000000000000000000000000000   0000000000000000000000000A9        170192957705     
0010001300116U 020000000000000000000000000000000000000000000000000000000000000000000000000000000000000000000000000000000000000000000000000504201700000000            000000000000000                              000                           
0010001300117T 060180230000001544772 29577050723404833   7               05042017000000000007500021001350                         0900000000000010000000000000000000000000000000000000000   000000000000000000000029000        170192957705     
0010001300118U 060000000000000000000000000000000000000000000000000000000000000000000000075000000000000072100000000000000000000000000000000504201706042017            000000000000000                              000                           
0010001300119T 060180230000001544772 29577050859311849   7               07042017000000000007500104025210                         0900000000000010000000000000000000000000000000000000000   000000000000000000000029000        170192957705     
0010001300120U 060000000000000000000000000000000000000000000000000000000000000000000000075000000000000072100000000000000000000000000000000504201706042017            000000000000000                              000                           
0010001300121T 060180230000001544772 29577051142233656   7               05042017000000000007500001030848                         0900000000000010000000000000000000000000000000000000000   000000000000000000000029000        170192957705     
0010001300122U 060000000000000000000000000000000000000000000000000000000000000000000000075000000000000072100000000000000000000000000000000504201706042017            000000000000000                              000                           
0010001300123T 060180230000001544772 29577051142349492   7               05042017000000000007500001030848                         0900000000000010000000000000000000000000000000000000000   000000000000000000000029000        170192957705     
0010001300124U 060000000000000000000000000000000000000000000000000000000000000000000000075000000000000072100000000000000000000000000000000504201706042017            000000000000000                              000                           
0010001300125T 060180230000001544772 29577051557719704   7               05042017000000000007500104015640                         0900000000000010000000000000000000000000000000000000000   000000000000000000000029000        170192957705     
0010001300126U 060000000000000000000000000000000000000000000000000000000000000000000000075000000000000072100000000000000000000000000000000504201706042017            000000000000000                              000                           
0010001300127T 060180230000001544772 29577051567158101   7               0504201700000000000750000104458X                         0900000000000010000000000000000000000000000000000000000   000000000000000000000029000        170192957705     
0010001300128U 060000000000000000000000000000000000000000000000000000000000000000000000075000000000000072100000000000000000000000000000000504201706042017            000000000000000                              000                           
0010001300129T 060180230000001544772 29577051577523027   7               06042017000000000007500021001030                         0900000000000010000000000000000000000000000000000000000   000000000000000000000029000        170192957705     
0010001300130U 060000000000000000000000000000000000000000000000000000000000000000000000075000000000000072100000000000000000000000000000000504201706042017            000000000000000                              000                           
0010001300131T 060180230000001544772 29577051584649212   7               06042017000000000010000237004850                         0900000000000010000000000000000000000000000000000000000   000000000000000000000029000        170192957705     
0010001300132U 060000000000000000000000000000000000000000000000000000000000000000000000100000000000000097100000000000000000000000000000000504201706042017            000000000000000                              000                           
0010001300133T 060180230000001544772 29577051588108953   7               06042017000000000007500104008230                         0900000000000010000000000000000000000000000000000000000   000000000000000000000029000        170192957705     
0010001300134U 060000000000000000000000000000000000000000000000000000000000000000000000075000000000000072100000000000000000000000000000000504201706042017            000000000000000                              000                           
0010001300135T 060180230000001544772 29577051597232720   7               06042017000000000007500021000590                         0900000000000010000000000000000000000000000000000000000   000000000000000000000029000        170192957705     
0010001300136U 060000000000000000000000000000000000000000000000000000000000000000000000075000000000000072100000000000000000000000000000000504201706042017            000000000000000                              000                           
0010001300137T 060180230000001544772 29577051608307698   7               07042017000000000007500104037790                         0900000000000010000000000000000000000000000000000000000   000000000000000000000029000        170192957705     
0010001300138U 060000000000000000000000000000000000000000000000000000000000000000000000075000000000000072100000000000000000000000000000000504201706042017            000000000000000                              000                           
0010001300139T 060180230000001544772 29577051609051619   7               07042017000000000007500021001030                         0900000000000010000000000000000000000000000000000000000   000000000000000000000029000        170192957705     
0010001300140U 060000000000000000000000000000000000000000000000000000000000000000000000075000000000000072100000000000000000000000000000000504201706042017            000000000000000                              000                           
0010001300141T 090180230000001544772 29577050043420779   788888888888889905012017000000000007500001000213888888888888899          0900000000000000000000000000000000000000000000000000000   000000000000000000000010009        170192957705     
0010001300142U 090000000000000000000000000000000000000000000000000000000000000000000000000000000000000000000000000000000000000000000000000504201700000000            000000000000000                              000                           
0010001300143T 090180230000001544772 29577050074647080   78888888888888990501201700000000000750000103049X888888888888899          0900000000000000000000000000000000000000000000000000000   000000000000000000000010009        170192957705     
0010001300144U 090000000000000000000000000000000000000000000000000000000000000000000000000000000000000000000000000000000000000000000000000504201700000000            000000000000000                              000                           
0010001300145T 090180230000001544772 29577050120638904   78888888888888990501201700000000000750000103049X888888888888899          0900000000000000000000000000000000000000000000000000000   000000000000000000000010009        170192957705     
0010001300146U 090000000000000000000000000000000000000000000000000000000000000000000000000000000000000000000000000000000000000000000000000504201700000000            000000000000000                              000                           
0010001300147T 090180230000001544772 29577050120649308   78888888888888990501201700000000000750000103049X888888888888899          0900000000000000000000000000000000000000000000000000000   000000000000000000000010009        170192957705     
0010001300148U 090000000000000000000000000000000000000000000000000000000000000000000000000000000000000000000000000000000000000000000000000504201700000000            000000000000000                              000                           
0010001300149T 090180230000001544772 29577050128001146   788888888888889905012017000000000007500001000213888888888888899          0900000000000000000000000000000000000000000000000000000   000000000000000000000010009        170192957705     
0010001300150U 090000000000000000000000000000000000000000000000000000000000000000000000000000000000000000000000000000000000000000000000000504201700000000            000000000000000                              000                           
0010001300151T 090180230000001544772 29577050132109628   788888888888889905012017000000000007500001028649888888888888899          0900000000000000000000000000000000000000000000000000000   000000000000000000000010009        170192957705     
0010001300152U 090000000000000000000000000000000000000000000000000000000000000000000000000000000000000000000000000000000000000000000000000504201700000000            000000000000000                              000                           
0010001300153T 090180230000001544772 29577050132153954   788888888888889905012017000000000007500001028649888888888888899          0900000000000000000000000000000000000000000000000000000   000000000000000000000010009        170192957705     
0010001300154U 090000000000000000000000000000000000000000000000000000000000000000000000000000000000000000000000000000000000000000000000000504201700000000            000000000000000                              000                           
0010001300155T 090180230000001544772 29577050132252491   788888888888889905012017000000000007500001012408888888888888899          0900000000000000000000000000000000000000000000000000000   000000000000000000000010009        170192957705     
0010001300156U 090000000000000000000000000000000000000000000000000000000000000000000000000000000000000000000000000000000000000000000000000504201700000000            000000000000000                              000                           
0010001300157T 090180230000001544772 29577050132318644   788888888888889905012017000000000007500001012408888888888888899          0900000000000000000000000000000000000000000000000000000   000000000000000000000010009        170192957705     
0010001300158U 090000000000000000000000000000000000000000000000000000000000000000000000000000000000000000000000000000000000000000000000000504201700000000            000000000000000                              000                           
0010001300159T 090180230000001544772 29577050132436701   788888888888889905012017000000000007500001000213888888888888899          0900000000000000000000000000000000000000000000000000000   000000000000000000000010009        170192957705     
0010001300160U 090000000000000000000000000000000000000000000000000000000000000000000000000000000000000000000000000000000000000000000000000504201700000000            000000000000000                              000                           
0010001300161T 090180230000001544772 29577050132723735   788888888888889905012017000000000007500001012408888888888888899          0900000000000000000000000000000000000000000000000000000   000000000000000000000010009        170192957705     
0010001300162U 090000000000000000000000000000000000000000000000000000000000000000000000000000000000000000000000000000000000000000000000000504201700000000            000000000000000                              000                           
0010001300163T 090180230000001544772 29577050132904861   78888888888888990501201700000000000750000103049X888888888888899          0900000000000000000000000000000000000000000000000000000   000000000000000000000010009        170192957705     
0010001300164U 090000000000000000000000000000000000000000000000000000000000000000000000000000000000000000000000000000000000000000000000000504201700000000            000000000000000                              000                           
0010001300165T 090180230000001544772 29577050133300059   788888888888889905012017000000000007500001009245888888888888899          0900000000000000000000000000000000000000000000000000000   000000000000000000000010009        170192957705     
0010001300166U 090000000000000000000000000000000000000000000000000000000000000000000000000000000000000000000000000000000000000000000000000504201700000000            000000000000000                              000                           
0010001300167T 090180230000001544772 29577050133424794   788888888888889905012017000000000007500001012416888888888888899          0900000000000000000000000000000000000000000000000000000   000000000000000000000010009        170192957705     
0010001300168U 090000000000000000000000000000000000000000000000000000000000000000000000000000000000000000000000000000000000000000000000000504201700000000            000000000000000                              000                           
0010001300169T 090180230000001544772 29577050133641871   788888888888889905012017000000000007500001000213888888888888899          0900000000000000000000000000000000000000000000000000000   000000000000000000000010009        170192957705     
0010001300170U 090000000000000000000000000000000000000000000000000000000000000000000000000000000000000000000000000000000000000000000000000504201700000000            000000000000000                              000                           
0010001300171T 090180230000001544772 29577050133721488   788888888888889905012017000000000007500001000213888888888888899          0900000000000000000000000000000000000000000000000000000   000000000000000000000010009        170192957705     
0010001300172U 090000000000000000000000000000000000000000000000000000000000000000000000000000000000000000000000000000000000000000000000000504201700000000            000000000000000                              000                           
0010001300173T 090180230000001544772 29577050133949433   788888888888889905012017000000000007500001012408888888888888899          0900000000000000000000000000000000000000000000000000000   000000000000000000000010009        170192957705     
0010001300174U 090000000000000000000000000000000000000000000000000000000000000000000000000000000000000000000000000000000000000000000000000504201700000000            000000000000000                              000                           
0010001300175T 090180230000001544772 29577050134009941   788888888888889905012017000000000007500001000213888888888888899          0900000000000000000000000000000000000000000000000000000   000000000000000000000010009        170192957705     
0010001300176U 090000000000000000000000000000000000000000000000000000000000000000000000000000000000000000000000000000000000000000000000000504201700000000            000000000000000                              000                           
0010001300177T 090180230000001544772 29577050134252725   78888888888888990501201700000000000750000103049X888888888888899          0900000000000000000000000000000000000000000000000000000   000000000000000000000010009        170192957705     
0010001300178U 090000000000000000000000000000000000000000000000000000000000000000000000000000000000000000000000000000000000000000000000000504201700000000            000000000000000                              000                           
0010001300179T 090180230000001544772 29577050134319036   788888888888889905012017000000000007500001012416888888888888899          0900000000000000000000000000000000000000000000000000000   000000000000000000000010009        170192957705     
0010001300180U 090000000000000000000000000000000000000000000000000000000000000000000000000000000000000000000000000000000000000000000000000504201700000000            000000000000000                              000                           
0010001300181T 090180230000001544772 29577050134513891   788888888888889905012017000000000007500001000213888888888888899          0900000000000000000000000000000000000000000000000000000   000000000000000000000010009        170192957705     
0010001300182U 090000000000000000000000000000000000000000000000000000000000000000000000000000000000000000000000000000000000000000000000000504201700000000            000000000000000                              000                           
0010001300183T 090180230000001544772 29577050134850461   788888888888889905012017000000000010000001012408888888888888899          0900000000000000000000000000000000000000000000000000000   000000000000000000000010009        170192957705     
0010001300184U 090000000000000000000000000000000000000000000000000000000000000000000000000000000000000000000000000000000000000000000000000504201700000000            000000000000000                              000                           
0010001300185T 090180230000001544772 29577050134931231   78888888888888990501201700000000000750000103049X888888888888899          0900000000000000000000000000000000000000000000000000000   000000000000000000000010009        170192957705     
0010001300186U 090000000000000000000000000000000000000000000000000000000000000000000000000000000000000000000000000000000000000000000000000504201700000000            000000000000000                              000                           
0010001300187T 090180230000001544772 29577050135238921   788888888888889905012017000000000007500001012408888888888888899          0900000000000000000000000000000000000000000000000000000   000000000000000000000010009        170192957705     
0010001300188U 090000000000000000000000000000000000000000000000000000000000000000000000000000000000000000000000000000000000000000000000000504201700000000            000000000000000                              000                           
0010001300189T 090180230000001544772 29577050135444504   788888888888889905012017000000000007500001012408888888888888899          0900000000000000000000000000000000000000000000000000000   000000000000000000000010009        170192957705     
0010001300190U 090000000000000000000000000000000000000000000000000000000000000000000000000000000000000000000000000000000000000000000000000504201700000000            000000000000000                              000                           
0010001300191T 090180230000001544772 29577050135546837   788888888888889905012017000000000007500001000213888888888888899          0900000000000000000000000000000000000000000000000000000   000000000000000000000010009        170192957705     
0010001300192U 090000000000000000000000000000000000000000000000000000000000000000000000000000000000000000000000000000000000000000000000000504201700000000            000000000000000                              000                           
0010001300193T 090180230000001544772 29577050135753438   788888888888889905012017000000000007500001012408888888888888899          0900000000000000000000000000000000000000000000000000000   000000000000000000000010009        170192957705     
0010001300194U 090000000000000000000000000000000000000000000000000000000000000000000000000000000000000000000000000000000000000000000000000504201700000000            000000000000000                              000                           
0010001300195T 090180230000001544772 29577050135826552   788888888888889905012017000000000007500001012408888888888888899          0900000000000000000000000000000000000000000000000000000   000000000000000000000010009        170192957705     
0010001300196U 090000000000000000000000000000000000000000000000000000000000000000000000000000000000000000000000000000000000000000000000000504201700000000            000000000000000                              000                           
0010001300197T 090180230000001544772 29577050135851424   788888888888889905012017000000000007500001012408888888888888899          0900000000000000000000000000000000000000000000000000000   000000000000000000000010009        170192957705     
0010001300198U 090000000000000000000000000000000000000000000000000000000000000000000000000000000000000000000000000000000000000000000000000504201700000000            000000000000000                              000                           
0010001300199T 090180230000001544772 29577050135942820   788888888888889905012017000000000007500001000213888888888888899          0900000000000000000000000000000000000000000000000000000   000000000000000000000010009        170192957705     
0010001300200U 090000000000000000000000000000000000000000000000000000000000000000000000000000000000000000000000000000000000000000000000000504201700000000            000000000000000                              000                           
0010001300201T 090180230000001544772 29577050136130996   78888888888888990501201700000000000750000103049X888888888888899          0900000000000000000000000000000000000000000000000000000   000000000000000000000010009        170192957705     
0010001300202U 090000000000000000000000000000000000000000000000000000000000000000000000000000000000000000000000000000000000000000000000000504201700000000            000000000000000                              000                           
0010001300203T 090180230000001544772 29577050136310337   788888888888889905012017000000000007500001012408888888888888899          0900000000000000000000000000000000000000000000000000000   000000000000000000000010009        170192957705     
0010001300204U 090000000000000000000000000000000000000000000000000000000000000000000000000000000000000000000000000000000000000000000000000504201700000000            000000000000000                              000                           
0010001300205T 090180230000001544772 29577050136404401   788888888888889905012017000000000007500001012408888888888888899          0900000000000000000000000000000000000000000000000000000   000000000000000000000010009        170192957705     
0010001300206U 090000000000000000000000000000000000000000000000000000000000000000000000000000000000000000000000000000000000000000000000000504201700000000            000000000000000                              000                           
0010001300207T 090180230000001544772 29577050136531203   788888888888889905012017000000000007500001000213888888888888899          0900000000000000000000000000000000000000000000000000000   000000000000000000000010009        170192957705     
0010001300208U 090000000000000000000000000000000000000000000000000000000000000000000000000000000000000000000000000000000000000000000000000504201700000000            000000000000000                              000                           
0010001300209T 090180230000001544772 29577050136618319   788888888888889905012017000000000007500001000213888888888888899          0900000000000000000000000000000000000000000000000000000   000000000000000000000010009        170192957705     
0010001300210U 090000000000000000000000000000000000000000000000000000000000000000000000000000000000000000000000000000000000000000000000000504201700000000            000000000000000                              000                           
0010001300211T 090180230000001544772 29577050137016651   788888888888889905012017000000000007500001012416888888888888899          0900000000000000000000000000000000000000000000000000000   000000000000000000000010009        170192957705     
0010001300212U 090000000000000000000000000000000000000000000000000000000000000000000000000000000000000000000000000000000000000000000000000504201700000000            000000000000000                              000                           
0010001300213T 280180230000001544772 29577050077715376   7               06032017000000000007500001000000                         0900000000000000000000000000000000000000000000000000000   000000000000000000000005002        170192957705     
0010001300214U 280000000000000000000000000000000000000000000000000000000000000000000000000000000000000000000000000000000000000000000000000504201700000000            000000000000000                              000                           
0010001300215T 280180230000001544772 29577050080826307   788888888888889904022017000000000007500001000000888888888888899          0900000000000000000000000000000000000000000000000000000   000000000000000000000005002        170192957705     
0010001300216U 280000000000000000000000000000000000000000000000000000000000000000000000000000000000000000000000000000000000000000000000000504201700000000            000000000000000                              000                           
0010001300217T 280180230000001544772 29577050170857905   7               06032017000000000007500001000000                         0900000000000000000000000000000000000000000000000000000   000000000000000000000005002        170192957705     
0010001300218U 280000000000000000000000000000000000000000000000000000000000000000000000000000000000000000000000000000000000000000000000000504201700000000            000000000000000                              000                           
0010001300219T 280180230000001544772 29577050188627644   7               06032017000000000007500001000000                         0900000000000000000000000000000000000000000000000000000   000000000000000000000005002        170192957705     
0010001300220U 280000000000000000000000000000000000000000000000000000000000000000000000000000000000000000000000000000000000000000000000000504201700000000            000000000000000                              000                           
0010001300221T 280180230000001544772 29577050216655887   7               06032017000000000007500001000000                         0900000000000000000000000000000000000000000000000000000   000000000000000000000005002        170192957705     
0010001300222U 280000000000000000000000000000000000000000000000000000000000000000000000000000000000000000000000000000000000000000000000000504201700000000            000000000000000                              000                           
0010001300223T 280180230000001544772 29577050234129350   788888888888889904022017000000000007500001000000888888888888899          0900000000000000000000000000000000000000000000000000000   000000000000000000000005002        170192957705     
0010001300224U 280000000000000000000000000000000000000000000000000000000000000000000000000000000000000000000000000000000000000000000000000504201700000000            000000000000000                              000                           
0010001300225T 280180230000001544772 29577050240101692   788888888888889904022017000000000007500001000000888888888888899          0900000000000000000000000000000000000000000000000000000   000000000000000000000005002        170192957705     
0010001300226U 280000000000000000000000000000000000000000000000000000000000000000000000000000000000000000000000000000000000000000000000000504201700000000            000000000000000                              000                           
0010001300227T 280180230000001544772 29577050357508063   788888888888889904022017000000000007500001000000888888888888899          0900000000000000000000000000000000000000000000000000000   000000000000000000000005002        170192957705     
0010001300228U 280000000000000000000000000000000000000000000000000000000000000000000000000000000000000000000000000000000000000000000000000504201700000000            000000000000000                              000                           
0010001300229T 280180230000001544772 29577050357726254   788888888888889904022017000000000007500001000000888888888888899          0900000000000000000000000000000000000000000000000000000   000000000000000000000005002        170192957705     
0010001300230U 280000000000000000000000000000000000000000000000000000000000000000000000000000000000000000000000000000000000000000000000000504201700000000            000000000000000                              000                           
0010001300231T 280180230000001544772 29577050372547753   788888888888889904022017000000000007500001000000888888888888899          0900000000000000000000000000000000000000000000000000000   000000000000000000000005002        170192957705     
0010001300232U 280000000000000000000000000000000000000000000000000000000000000000000000000000000000000000000000000000000000000000000000000504201700000000            000000000000000                              000                           
0010001300233T 280180230000001544772 29577050381715249   788888888888889904022017000000000007500001000000888888888888899          0900000000000000000000000000000000000000000000000000000   000000000000000000000005002        170192957705     
0010001300234U 280000000000000000000000000000000000000000000000000000000000000000000000000000000000000000000000000000000000000000000000000504201700000000            000000000000000                              000                           
0010001300235T 280180230000001544772 29577050386331834   788888888888889904022017000000000007500001000000888888888888899          0900000000000000000000000000000000000000000000000000000   000000000000000000000005002        170192957705     
0010001300236U 280000000000000000000000000000000000000000000000000000000000000000000000000000000000000000000000000000000000000000000000000504201700000000            000000000000000                              000                           
0010001300237T 280180230000001544772 29577050387133504   788888888888889904022017000000000007500001000000888888888888899          0900000000000000000000000000000000000000000000000000000   000000000000000000000005002        170192957705     
0010001300238U 280000000000000000000000000000000000000000000000000000000000000000000000000000000000000000000000000000000000000000000000000504201700000000            000000000000000                              000                           
0010001300239T 280180230000001544772 29577050387219116   788888888888889904022017000000000007500001000000888888888888899          0900000000000000000000000000000000000000000000000000000   000000000000000000000005002        170192957705     
0010001300240U 280000000000000000000000000000000000000000000000000000000000000000000000000000000000000000000000000000000000000000000000000504201700000000            000000000000000                              000                           
0010001300241T 280180230000001544772 29577050387535146   788888888888889904022017000000000010000001000000888888888888899          0900000000000000000000000000000000000000000000000000000   000000000000000000000005002        170192957705     
0010001300242U 280000000000000000000000000000000000000000000000000000000000000000000000000000000000000000000000000000000000000000000000000504201700000000            000000000000000                              000                           
0010001300243T 280180230000001544772 29577050387629629   788888888888889904022017000000000007500001000000888888888888899          0900000000000000000000000000000000000000000000000000000   000000000000000000000005002        170192957705     
0010001300244U 280000000000000000000000000000000000000000000000000000000000000000000000000000000000000000000000000000000000000000000000000504201700000000            000000000000000                              000                           
0010001300245T 280180230000001544772 29577050387643376   788888888888889904022017000000000007500001000000888888888888899          0900000000000000000000000000000000000000000000000000000   000000000000000000000005002        170192957705     
0010001300246U 280000000000000000000000000000000000000000000000000000000000000000000000000000000000000000000000000000000000000000000000000504201700000000            000000000000000                              000                           
0010001300247T 280180230000001544772 29577050387832560   788888888888889904022017000000000007500001000000888888888888899          0900000000000000000000000000000000000000000000000000000   000000000000000000000005002        170192957705     
0010001300248U 280000000000000000000000000000000000000000000000000000000000000000000000000000000000000000000000000000000000000000000000000504201700000000            000000000000000                              000                           
0010001300249T 280180230000001544772 29577050387917220   788888888888889904022017000000000007500001000000888888888888899          0900000000000000000000000000000000000000000000000000000   000000000000000000000005002        170192957705     
0010001300250U 280000000000000000000000000000000000000000000000000000000000000000000000000000000000000000000000000000000000000000000000000504201700000000            000000000000000                              000                           
0010001300251T 280180230000001544772 29577050388023588   788888888888889904022017000000000007500001000000888888888888899          0900000000000000000000000000000000000000000000000000000   000000000000000000000005002        170192957705     
0010001300252U 280000000000000000000000000000000000000000000000000000000000000000000000000000000000000000000000000000000000000000000000000504201700000000            000000000000000                              000                           
0010001300253T 280180230000001544772 29577050388208154   788888888888889904022017000000000010000001000000888888888888899          0900000000000000000000000000000000000000000000000000000   000000000000000000000005002        170192957705     
0010001300254U 280000000000000000000000000000000000000000000000000000000000000000000000000000000000000000000000000000000000000000000000000504201700000000            000000000000000                              000                           
0010001300255T 280180230000001544772 29577050388346874   788888888888889904022017000000000007500001000000888888888888899          0900000000000000000000000000000000000000000000000000000   000000000000000000000005002        170192957705     
0010001300256U 280000000000000000000000000000000000000000000000000000000000000000000000000000000000000000000000000000000000000000000000000504201700000000            000000000000000                              000                           
0010001300257T 280180230000001544772 29577050388738285   788888888888889904022017000000000007500001000000888888888888899          0900000000000000000000000000000000000000000000000000000   000000000000000000000005002        170192957705     
0010001300258U 280000000000000000000000000000000000000000000000000000000000000000000000000000000000000000000000000000000000000000000000000504201700000000            000000000000000                              000                           
0010001300259T 280180230000001544772 29577050388845038   788888888888889904022017000000000007500001000000888888888888899          0900000000000000000000000000000000000000000000000000000   000000000000000000000005002        170192957705     
0010001300260U 280000000000000000000000000000000000000000000000000000000000000000000000000000000000000000000000000000000000000000000000000504201700000000            000000000000000                              000                           
0010001300261T 280180230000001544772 29577050388943030   788888888888889904022017000000000007500001000000888888888888899          0900000000000000000000000000000000000000000000000000000   000000000000000000000005002        170192957705     
0010001300262U 280000000000000000000000000000000000000000000000000000000000000000000000000000000000000000000000000000000000000000000000000504201700000000            000000000000000                              000                           
0010001300263T 280180230000001544772 29577050389144928   788888888888889904022017000000000007500001000000888888888888899          0900000000000000000000000000000000000000000000000000000   000000000000000000000005002        170192957705     
0010001300264U 280000000000000000000000000000000000000000000000000000000000000000000000000000000000000000000000000000000000000000000000000504201700000000            000000000000000                              000                           
0010001300265T 280180230000001544772 29577050389208579   788888888888889904022017000000000007500001000000888888888888899          0900000000000000000000000000000000000000000000000000000   000000000000000000000005002        170192957705     
0010001300266U 280000000000000000000000000000000000000000000000000000000000000000000000000000000000000000000000000000000000000000000000000504201700000000            000000000000000                              000                           
0010001300267T 280180230000001544772 29577050389312100   788888888888889904022017000000000007500001000000888888888888899          0900000000000000000000000000000000000000000000000000000   000000000000000000000005002        170192957705     
0010001300268U 280000000000000000000000000000000000000000000000000000000000000000000000000000000000000000000000000000000000000000000000000504201700000000            000000000000000                              000                           
0010001300269T 280180230000001544772 29577050389457267   788888888888889904022017000000000007500001000000888888888888899          0900000000000000000000000000000000000000000000000000000   000000000000000000000005002        170192957705     
0010001300270U 280000000000000000000000000000000000000000000000000000000000000000000000000000000000000000000000000000000000000000000000000504201700000000            000000000000000                              000                           
0010001300271T 280180230000001544772 29577050389553870   788888888888889904022017000000000007500001000000888888888888899          0900000000000000000000000000000000000000000000000000000   000000000000000000000005002        170192957705     
0010001300272U 280000000000000000000000000000000000000000000000000000000000000000000000000000000000000000000000000000000000000000000000000504201700000000            000000000000000                              000                           
0010001300273T 280180230000001544772 29577050389713092   788888888888889904022017000000000007500001000000888888888888899          0900000000000000000000000000000000000000000000000000000   000000000000000000000005002        170192957705     
0010001300274U 280000000000000000000000000000000000000000000000000000000000000000000000000000000000000000000000000000000000000000000000000504201700000000            000000000000000                              000                           
0010001300275T 280180230000001544772 29577050389831969   788888888888889904022017000000000007500001000000888888888888899          0900000000000000000000000000000000000000000000000000000   000000000000000000000005002        170192957705     
0010001300276U 280000000000000000000000000000000000000000000000000000000000000000000000000000000000000000000000000000000000000000000000000504201700000000            000000000000000                              000                           
0010001300277T 280180230000001544772 29577050389913145   788888888888889904022017000000000007500001000000888888888888899          0900000000000000000000000000000000000000000000000000000   000000000000000000000005002        170192957705     
0010001300278U 280000000000000000000000000000000000000000000000000000000000000000000000000000000000000000000000000000000000000000000000000504201700000000            000000000000000                              000                           
0010001300279T 280180230000001544772 29577050390021253   788888888888889904022017000000000007500001000000888888888888899          0900000000000000000000000000000000000000000000000000000   000000000000000000000005002        170192957705     
0010001300280U 280000000000000000000000000000000000000000000000000000000000000000000000000000000000000000000000000000000000000000000000000504201700000000            000000000000000                              000                           
0010001300281T 280180230000001544772 29577050390021851   788888888888889904022017000000000007500001000000888888888888899          0900000000000000000000000000000000000000000000000000000   000000000000000000000005002        170192957705     
0010001300282U 280000000000000000000000000000000000000000000000000000000000000000000000000000000000000000000000000000000000000000000000000504201700000000            000000000000000                              000                           
0010001300283T 280180230000001544772 29577050390022174   788888888888889904022017000000000007500001000000888888888888899          0900000000000000000000000000000000000000000000000000000   000000000000000000000005002        170192957705     
0010001300284U 280000000000000000000000000000000000000000000000000000000000000000000000000000000000000000000000000000000000000000000000000504201700000000            000000000000000                              000                           
0010001300285T 280180230000001544772 29577050390132128   788888888888889904022017000000000007500001000000888888888888899          0900000000000000000000000000000000000000000000000000000   000000000000000000000005002        170192957705     
0010001300286U 280000000000000000000000000000000000000000000000000000000000000000000000000000000000000000000000000000000000000000000000000504201700000000            000000000000000                              000                           
0010001300287T 280180230000001544772 29577050390302711   788888888888889904022017000000000007500001000000888888888888899          0900000000000000000000000000000000000000000000000000000   000000000000000000000005002        170192957705     
0010001300288U 280000000000000000000000000000000000000000000000000000000000000000000000000000000000000000000000000000000000000000000000000504201700000000            000000000000000                              000                           
0010001300289T 280180230000001544772 29577050390351030   788888888888889904022017000000000007500001000000888888888888899          0900000000000000000000000000000000000000000000000000000   000000000000000000000005002        170192957705     
0010001300290U 280000000000000000000000000000000000000000000000000000000000000000000000000000000000000000000000000000000000000000000000000504201700000000            000000000000000                              000                           
0010001300291T 280180230000001544772 29577050503250597   7               06032017000000000007500001000000                         0900000000000000000000000000000000000000000000000000000   000000000000000000000005002        170192957705     
0010001300292U 280000000000000000000000000000000000000000000000000000000000000000000000000000000000000000000000000000000000000000000000000504201700000000            000000000000000                              000                           
0010001300293T 280180230000001544772 29577050503401124   7               06032017000000000007500001000000                         0900000000000000000000000000000000000000000000000000000   000000000000000000000005002        170192957705     
0010001300294U 280000000000000000000000000000000000000000000000000000000000000000000000000000000000000000000000000000000000000000000000000504201700000000            000000000000000                              000                           
0010001300295T 280180230000001544772 29577050503436408   7               06032017000000000007500001000000                         0900000000000000000000000000000000000000000000000000000   000000000000000000000005002        170192957705     
0010001300296U 280000000000000000000000000000000000000000000000000000000000000000000000000000000000000000000000000000000000000000000000000504201700000000            000000000000000                              000                           
0010001300297T 280180230000001544772 29577050503440620   7               06032017000000000007500001000000                         0900000000000000000000000000000000000000000000000000000   000000000000000000000005002        170192957705     
0010001300298U 280000000000000000000000000000000000000000000000000000000000000000000000000000000000000000000000000000000000000000000000000504201700000000            000000000000000                              000                           
0010001300299T 280180230000001544772 29577050514700276   7               06032017000000000007500001000000                         0900000000000000000000000000000000000000000000000000000   000000000000000000000005002        170192957705     
0010001300300U 280000000000000000000000000000000000000000000000000000000000000000000000000000000000000000000000000000000000000000000000000504201700000000            000000000000000                              000                           
0010001300301T 280180230000001544772 29577050514728000   7               06032017000000000007500001000000                         0900000000000000000000000000000000000000000000000000000   000000000000000000000005002        170192957705     
0010001300302U 280000000000000000000000000000000000000000000000000000000000000000000000000000000000000000000000000000000000000000000000000504201700000000            000000000000000                              000                           
0010001300303T 280180230000001544772 29577050516600696   7               06032017000000000007500001000000                         0900000000000000000000000000000000000000000000000000000   000000000000000000000005002        170192957705     
0010001300304U 280000000000000000000000000000000000000000000000000000000000000000000000000000000000000000000000000000000000000000000000000504201700000000            000000000000000                              000                           
0010001300305T 280180230000001544772 29577050612844348   7               06032017000000000007500001000000                         0900000000000000000000000000000000000000000000000000000   000000000000000000000005002        170192957705     
0010001300306U 280000000000000000000000000000000000000000000000000000000000000000000000000000000000000000000000000000000000000000000000000504201700000000            000000000000000                              000                           
0010001300307T 280180230000001544772 29577050714416949   7               06032017000000000010000001000000                         0900000000000000000000000000000000000000000000000000000   000000000000000000000005002        170192957705     
0010001300308U 280000000000000000000000000000000000000000000000000000000000000000000000000000000000000000000000000000000000000000000000000504201700000000            000000000000000                              000                           
0010001300309T 280180230000001544772 29577050778108316   7               06032017000000000007500001000000                         0900000000000000000000000000000000000000000000000000000   000000000000000000000005002        170192957705     
0010001300310U 280000000000000000000000000000000000000000000000000000000000000000000000000000000000000000000000000000000000000000000000000504201700000000            000000000000000                              000                           
0010001300311T 280180230000001544772 29577050863141680   7               06032017000000000007500001000000                         0900000000000000000000000000000000000000000000000000000   000000000000000000000005002        170192957705     
0010001300312U 280000000000000000000000000000000000000000000000000000000000000000000000000000000000000000000000000000000000000000000000000504201700000000            000000000000000                              000                           
0010001300313T 280180230000001544772 29577050887507320   7               06032017000000000007500001000000                         0900000000000000000000000000000000000000000000000000000   000000000000000000000005002        170192957705     
0010001300314U 280000000000000000000000000000000000000000000000000000000000000000000000000000000000000000000000000000000000000000000000000504201700000000            000000000000000                              000                           
0010001300315T 280180230000001544772 29577050887558239   7               06032017000000000007500001000000                         0900000000000000000000000000000000000000000000000000000   000000000000000000000005002        170192957705     
0010001300316U 280000000000000000000000000000000000000000000000000000000000000000000000000000000000000000000000000000000000000000000000000504201700000000            000000000000000                              000                           
0010001300317T 280180230000001544772 29577050947837206   7               06032017000000000007500001000000                         0900000000000000000000000000000000000000000000000000000   000000000000000000000005002        170192957705     
0010001300318U 280000000000000000000000000000000000000000000000000000000000000000000000000000000000000000000000000000000000000000000000000504201700000000            000000000000000                              000                           
0010001300319T 280180230000001544772 29577050952333063   7               06032017000000000007500001000000                         0900000000000000000000000000000000000000000000000000000   000000000000000000000005002        170192957705     
0010001300320U 280000000000000000000000000000000000000000000000000000000000000000000000000000000000000000000000000000000000000000000000000504201700000000            000000000000000                              000                           
0010001300321T 280180230000001544772 29577050952437812   7               06032017000000000007500001000000                         0900000000000000000000000000000000000000000000000000000   000000000000000000000005002        170192957705     
0010001300322U 280000000000000000000000000000000000000000000000000000000000000000000000000000000000000000000000000000000000000000000000000504201700000000            000000000000000                              000                           
0010001300323T 280180230000001544772 29577051027312242   7               06032017000000000007500001000000                         0900000000000000000000000000000000000000000000000000000   000000000000000000000005002        170192957705     
0010001300324U 280000000000000000000000000000000000000000000000000000000000000000000000000000000000000000000000000000000000000000000000000504201700000000            000000000000000                              000                           
0010001300325T 280180230000001544772 29577051027356997   7               06032017000000000007500001000000                         0900000000000000000000000000000000000000000000000000000   000000000000000000000005002        170192957705     
0010001300326U 280000000000000000000000000000000000000000000000000000000000000000000000000000000000000000000000000000000000000000000000000504201700000000            000000000000000                              000                           
0010001300327T 280180230000001544772 29577051028154375   7               06032017000000000007500001000000                         0900000000000000000000000000000000000000000000000000000   000000000000000000000005002        170192957705     
0010001300328U 280000000000000000000000000000000000000000000000000000000000000000000000000000000000000000000000000000000000000000000000000504201700000000            000000000000000                              000                           
0010001300329T 280180230000001544772 29577051028307840   7               06032017000000000007500001000000                         0900000000000000000000000000000000000000000000000000000   000000000000000000000005002        170192957705     
0010001300330U 280000000000000000000000000000000000000000000000000000000000000000000000000000000000000000000000000000000000000000000000000504201700000000            000000000000000                              000                           
0010001300331T 280180230000001544772 29577051028407432   7               06032017000000000007500001000000                         0900000000000000000000000000000000000000000000000000000   000000000000000000000005002        170192957705     
0010001300332U 280000000000000000000000000000000000000000000000000000000000000000000000000000000000000000000000000000000000000000000000000504201700000000            000000000000000                              000                           
0010001300333T 280180230000001544772 29577051029316649   7               06032017000000000007500001000000                         0900000000000000000000000000000000000000000000000000000   000000000000000000000005002        170192957705     
0010001300334U 280000000000000000000000000000000000000000000000000000000000000000000000000000000000000000000000000000000000000000000000000504201700000000            000000000000000                              000                           
0010001300335T 280180230000001544772 29577051029652259   7               06032017000000000007500001000000                         0900000000000000000000000000000000000000000000000000000   000000000000000000000005002        170192957705     
0010001300336U 280000000000000000000000000000000000000000000000000000000000000000000000000000000000000000000000000000000000000000000000000504201700000000            000000000000000                              000                           
0010001300337T 280180230000001544772 29577051030132992   7               06032017000000000007500001000000                         0900000000000000000000000000000000000000000000000000000   000000000000000000000005002        170192957705     
0010001300338U 280000000000000000000000000000000000000000000000000000000000000000000000000000000000000000000000000000000000000000000000000504201700000000            000000000000000                              000                           
0010001300339T 280180230000001544772 29577051031120337   7               06032017000000000007500001000000                         0900000000000000000000000000000000000000000000000000000   000000000000000000000005002        170192957705     
0010001300340U 280000000000000000000000000000000000000000000000000000000000000000000000000000000000000000000000000000000000000000000000000504201700000000            000000000000000                              000                           
0010001300341T 280180230000001544772 29577051031728455   7               06032017000000000007500001000000                         0900000000000000000000000000000000000000000000000000000   000000000000000000000005002        170192957705     
0010001300342U 280000000000000000000000000000000000000000000000000000000000000000000000000000000000000000000000000000000000000000000000000504201700000000            000000000000000                              000                           
0010001300343T 280180230000001544772 29577051031849722   7               06032017000000000007500001000000                         0900000000000000000000000000000000000000000000000000000   000000000000000000000005002        170192957705     
0010001300344U 280000000000000000000000000000000000000000000000000000000000000000000000000000000000000000000000000000000000000000000000000504201700000000            000000000000000                              000                           
0010001300345T 280180230000001544772 29577051032156392   7               06032017000000000007500001000000                         0900000000000000000000000000000000000000000000000000000   000000000000000000000005002        170192957705     
0010001300346U 280000000000000000000000000000000000000000000000000000000000000000000000000000000000000000000000000000000000000000000000000504201700000000            000000000000000                              000                           
0010001300347T 280180230000001544772 29577051032911929   7               06032017000000000007500001000000                         0900000000000000000000000000000000000000000000000000000   000000000000000000000005002        170192957705     
0010001300348U 280000000000000000000000000000000000000000000000000000000000000000000000000000000000000000000000000000000000000000000000000504201700000000            000000000000000                              000                           
0010001300349T 280180230000001544772 29577051032945461   7               06032017000000000007500001000000                         0900000000000000000000000000000000000000000000000000000   000000000000000000000005002        170192957705     
0010001300350U 280000000000000000000000000000000000000000000000000000000000000000000000000000000000000000000000000000000000000000000000000504201700000000            000000000000000                              000                           
0010001300351T 280180230000001544772 29577051033333756   7               06032017000000000007500001000000                         0900000000000000000000000000000000000000000000000000000   000000000000000000000005002        170192957705     
0010001300352U 280000000000000000000000000000000000000000000000000000000000000000000000000000000000000000000000000000000000000000000000000504201700000000            000000000000000                              000                           
0010001300353T 280180230000001544772 29577051034540064   7               06032017000000000007500001000000                         0900000000000000000000000000000000000000000000000000000   000000000000000000000005002        170192957705     
0010001300354U 280000000000000000000000000000000000000000000000000000000000000000000000000000000000000000000000000000000000000000000000000504201700000000            000000000000000                              000                           
0010001300355T 280180230000001544772 29577051034603793   7               06032017000000000007500001000000                         0900000000000000000000000000000000000000000000000000000   000000000000000000000005002        170192957705     
0010001300356U 280000000000000000000000000000000000000000000000000000000000000000000000000000000000000000000000000000000000000000000000000504201700000000            000000000000000                              000                           
0010001300357T 280180230000001544772 29577051034609945   7               06032017000000000007500001000000                         0900000000000000000000000000000000000000000000000000000   000000000000000000000005002        170192957705     
0010001300358U 280000000000000000000000000000000000000000000000000000000000000000000000000000000000000000000000000000000000000000000000000504201700000000            000000000000000                              000                           
0010001300359T 280180230000001544772 29577051034903326   7               06032017000000000007500001000000                         0900000000000000000000000000000000000000000000000000000   000000000000000000000005002        170192957705     
0010001300360U 280000000000000000000000000000000000000000000000000000000000000000000000000000000000000000000000000000000000000000000000000504201700000000            000000000000000                              000                           
0010001300361T 280180230000001544772 29577051035206058   7               06032017000000000007500001000000                         0900000000000000000000000000000000000000000000000000000   000000000000000000000005002        170192957705     
0010001300362U 280000000000000000000000000000000000000000000000000000000000000000000000000000000000000000000000000000000000000000000000000504201700000000            000000000000000                              000                           
0010001300363T 280180230000001544772 29577051035815718   7               06032017000000000007500001000000                         0900000000000000000000000000000000000000000000000000000   000000000000000000000005002        170192957705     
0010001300364U 280000000000000000000000000000000000000000000000000000000000000000000000000000000000000000000000000000000000000000000000000504201700000000            000000000000000                              000                           
0010001300365T 280180230000001544772 29577051036231352   7               06032017000000000007500001000000                         0900000000000000000000000000000000000000000000000000000   000000000000000000000005002        170192957705     
0010001300366U 280000000000000000000000000000000000000000000000000000000000000000000000000000000000000000000000000000000000000000000000000504201700000000            000000000000000                              000                           
0010001300367T 280180230000001544772 29577051036633733   7               06032017000000000007500001000000                         0900000000000000000000000000000000000000000000000000000   000000000000000000000005002        170192957705     
0010001300368U 280000000000000000000000000000000000000000000000000000000000000000000000000000000000000000000000000000000000000000000000000504201700000000            000000000000000                              000                           
0010001300369T 280180230000001544772 29577051036649136   7               06032017000000000007500001000000                         0900000000000000000000000000000000000000000000000000000   000000000000000000000005002        170192957705     
0010001300370U 280000000000000000000000000000000000000000000000000000000000000000000000000000000000000000000000000000000000000000000000000504201700000000            000000000000000                              000                           
0010001300371T 280180230000001544772 29577051037350861   7               06032017000000000007500001000000                         0900000000000000000000000000000000000000000000000000000   000000000000000000000005002        170192957705     
0010001300372U 280000000000000000000000000000000000000000000000000000000000000000000000000000000000000000000000000000000000000000000000000504201700000000            000000000000000                              000                           
0010001300373T 280180230000001544772 29577051037910509   7               06032017000000000007500001000000                         0900000000000000000000000000000000000000000000000000000   000000000000000000000005002        170192957705     
0010001300374U 280000000000000000000000000000000000000000000000000000000000000000000000000000000000000000000000000000000000000000000000000504201700000000            000000000000000                              000                           
0010001300375T 280180230000001544772 29577051038239559   7               06032017000000000007500001000000                         0900000000000000000000000000000000000000000000000000000   000000000000000000000005002        170192957705     
0010001300376U 280000000000000000000000000000000000000000000000000000000000000000000000000000000000000000000000000000000000000000000000000504201700000000            000000000000000                              000                           
0010001300377T 280180230000001544772 29577051038254305   7               06032017000000000007500001000000                         0900000000000000000000000000000000000000000000000000000   000000000000000000000005002        170192957705     
0010001300378U 280000000000000000000000000000000000000000000000000000000000000000000000000000000000000000000000000000000000000000000000000504201700000000            000000000000000                              000                           
0010001300379T 280180230000001544772 29577051038523751   7               06032017000000000007500001000000                         0900000000000000000000000000000000000000000000000000000   000000000000000000000005002        170192957705     
0010001300380U 280000000000000000000000000000000000000000000000000000000000000000000000000000000000000000000000000000000000000000000000000504201700000000            000000000000000                              000                           
0010001300381T 280180230000001544772 29577051038922847   7               06032017000000000007500001000000                         0900000000000000000000000000000000000000000000000000000   000000000000000000000005002        170192957705     
0010001300382U 280000000000000000000000000000000000000000000000000000000000000000000000000000000000000000000000000000000000000000000000000504201700000000            000000000000000                              000                           
0010001300383T 280180230000001544772 29577051038957572   7               06032017000000000007500001000000                         0900000000000000000000000000000000000000000000000000000   000000000000000000000005002        170192957705     
0010001300384U 280000000000000000000000000000000000000000000000000000000000000000000000000000000000000000000000000000000000000000000000000504201700000000            000000000000000                              000                           
0010001300385T 280180230000001544772 29577051039058131   7               06032017000000000007500001000000                         0900000000000000000000000000000000000000000000000000000   000000000000000000000005002        170192957705     
0010001300386U 280000000000000000000000000000000000000000000000000000000000000000000000000000000000000000000000000000000000000000000000000504201700000000            000000000000000                              000                           
0010001300387T 280180230000001544772 29577051039202692   7               06032017000000000007500001000000                         0900000000000000000000000000000000000000000000000000000   000000000000000000000005002        170192957705     
0010001300388U 280000000000000000000000000000000000000000000000000000000000000000000000000000000000000000000000000000000000000000000000000504201700000000            000000000000000                              000                           
0010001300389T 280180230000001544772 29577051039323272   7               06032017000000000007500001000000                         0900000000000000000000000000000000000000000000000000000   000000000000000000000005002        170192957705     
0010001300390U 280000000000000000000000000000000000000000000000000000000000000000000000000000000000000000000000000000000000000000000000000504201700000000            000000000000000                              000                           
0010001300391T 280180230000001544772 29577051040714718   7               06032017000000000007500001000000                         0900000000000000000000000000000000000000000000000000000   000000000000000000000005002        170192957705     
0010001300392U 280000000000000000000000000000000000000000000000000000000000000000000000000000000000000000000000000000000000000000000000000504201700000000            000000000000000                              000                           
0010001300393T 280180230000001544772 29577051041010506   7               06032017000000000007500001000000                         0900000000000000000000000000000000000000000000000000000   000000000000000000000005002        170192957705     
0010001300394U 280000000000000000000000000000000000000000000000000000000000000000000000000000000000000000000000000000000000000000000000000504201700000000            000000000000000                              000                           
0010001300395T 280180230000001544772 29577051041215572   7               06032017000000000007500001000000                         0900000000000000000000000000000000000000000000000000000   000000000000000000000005002        170192957705     
0010001300396U 280000000000000000000000000000000000000000000000000000000000000000000000000000000000000000000000000000000000000000000000000504201700000000            000000000000000                              000                           
0010001300397T 280180230000001544772 29577051041243299   7               06032017000000000007500001000000                         0900000000000000000000000000000000000000000000000000000   000000000000000000000005002        170192957705     
0010001300398U 280000000000000000000000000000000000000000000000000000000000000000000000000000000000000000000000000000000000000000000000000504201700000000            000000000000000                              000                           
0010001300399T 280180230000001544772 29577051041326192   7               06032017000000000007500001000000                         0900000000000000000000000000000000000000000000000000000   000000000000000000000005002        170192957705     
0010001300400U 280000000000000000000000000000000000000000000000000000000000000000000000000000000000000000000000000000000000000000000000000504201700000000            000000000000000                              000                           
00100015         000402005825000000000445745000000000000000000000000000000000000000000000000000000000000000000000000000000000000000000000000000000                                                                                              
00199999         000001000404000000                                                                                                                                                            00000000000000000000000000000                    
