00100000         2247745860001000029577050014       0180230000001544772 INSTITUTO DE SELECAO E TECNOLOBANCO DO BRASIL                         21304201701344500017403000000515122941PROCESSAMEN                                                 
00100011T0100020 20247745860001000029577050014       0180230000001544772 INSTITUTO DE SELECAO E TECNOLO                                                                                000000001304201700000000  000000000                      
0010001300001T 020180230000001544772 29577050051745260   7               15042017000000000007500001046280                         0900000000000010000000000000000000000000000000000000000   0000000000000000000000000A9        170192957705     
0010001300002U 020000000000000000000000000000000000000000000000000000000000000000000000000000000000000000000000000000000000000000000000001304201700000000            000000000000000                              000                           
0010001300003T 020180230000001544772 29577050158612187   7               15042017000000000007500001000213                         0900000000000010000000000000000000000000000000000000000   0000000000000000000000000A9        170192957705     
0010001300004U 020000000000000000000000000000000000000000000000000000000000000000000000000000000000000000000000000000000000000000000000001304201700000000            000000000000000                              000                           
0010001300005T 020180230000001544772 29577050407433619   7               1504201700000000000750000103049X                         0900000000000010500000000000000000000000000000000000000   0000000000000000000000000A9A4      170192957705     
0010001300006U 020000000000000000000000000000000000000000000000000000000000000000000000000000000000000000000000000000000000000000000000001304201700000000            000000000000000                              000                           
0010001300007T 020180230000001544772 29577050454520800   7               15042017000000000007500001004782                         0900000000000010000000000000000000000000000000000000000   0000000000000000000000000A9        170192957705     
0010001300008U 020000000000000000000000000000000000000000000000000000000000000000000000000000000000000000000000000000000000000000000000001304201700000000            000000000000000                              000                           
0010001300009T 020180230000001544772 29577050492252379   7               15042017000000000007500001001120                         0900000000000010000000000000000000000000000000000000000   0000000000000000000000000A9        170192957705     
0010001300010U 020000000000000000000000000000000000000000000000000000000000000000000000000000000000000000000000000000000000000000000000001304201700000000            000000000000000                              000                           
0010001300011T 020180230000001544772 29577050911739922   7               1504201700000000000750000103049X                         0900000000000010000000000000000000000000000000000000000   0000000000000000000000000A9        170192957705     
0010001300012U 020000000000000000000000000000000000000000000000000000000000000000000000000000000000000000000000000000000000000000000000001304201700000000            000000000000000                              000                           
0010001300013T 020180230000001544772 29577051067124703   7               1404201700000000000750000103049X                         0900000000000010000000000000000000000000000000000000000   0000000000000000000000000A9        170192957705     
0010001300014U 020000000000000000000000000000000000000000000000000000000000000000000000000000000000000000000000000000000000000000000000001204201700000000            000000000000000                              000                           
0010001300015T 020180230000001544772 29577051069001275   7               15042017000000000007500001021121                         0900000000000010000000000000000000000000000000000000000   0000000000000000000000000A9        170192957705     
0010001300016U 020000000000000000000000000000000000000000000000000000000000000000000000000000000000000000000000000000000000000000000000001304201700000000            000000000000000                              000                           
0010001300017T 020180230000001544772 29577051155929337   7               1504201700000000000750000103049X                         0900000000000010000000000000000000000000000000000000000   0000000000000000000000000A9        170192957705     
0010001300018U 020000000000000000000000000000000000000000000000000000000000000000000000000000000000000000000000000000000000000000000000001304201700000000            000000000000000                              000                           
0010001300019T 020180230000001544772 29577051587719734   7               1504201700000000001000000103049X                         0900000000000010000000000000000000000000000000000000000   0000000000000000000000000A9        170192957705     
0010001300020U 020000000000000000000000000000000000000000000000000000000000000000000000000000000000000000000000000000000000000000000000001304201700000000            000000000000000                              000                           
0010001300021T 020180230000001544772 29577051661313436   7               15042017000000000007500001000213                         0900000000000010000000000000000000000000000000000000000   0000000000000000000000000A9        170192957705     
0010001300022U 020000000000000000000000000000000000000000000000000000000000000000000000000000000000000000000000000000000000000000000000001304201700000000            000000000000000                              000                           
0010001300023T 060180230000001544772 29577050454520800   7               15042017000000000007500237005540                         0900000000000010000000000000000000000000000000000000000   000000000000000000000029000        170192957705     
0010001300024U 060000000000000000000000000000000000000000000000000000000000000000000000075000000000000072100000000000000000000000000000001304201717042017            000000000000000                              000                           
0010001300025T 060180230000001544772 29577050474242115   7               13042017000000000007500237037520                         0900000000000010000000000000000000000000000000000000000   000000000000000000000029000        170192957705     
0010001300026U 060000000000000000000000000000000000000000000000000000000000000000000000075000000000000072100000000000000000000000000000001304201717042017            000000000000000                              000                           
0010001300027T 090180230000001544772 29577050012337247   788888888888889913012017000000000007500001046280888888888888899          0900000000000000000000000000000000000000000000000000000   000000000000000000000010009        170192957705     
0010001300028U 090000000000000000000000000000000000000000000000000000000000000000000000000000000000000000000000000000000000000000000000001304201700000000            000000000000000                              000                           
0010001300029T 090180230000001544772 29577050020418206   788888888888889913012017000000000007500001000213888888888888899          0900000000000000000000000000000000000000000000000000000   000000000000000000000010009        170192957705     
0010001300030U 090000000000000000000000000000000000000000000000000000000000000000000000000000000000000000000000000000000000000000000000001304201700000000            000000000000000                              000                           
0010001300031T 090180230000001544772 29577050020433689   788888888888889913012017000000000007500001000213888888888888899          0900000000000000000000000000000000000000000000000000000   000000000000000000000010009        170192957705     
0010001300032U 090000000000000000000000000000000000000000000000000000000000000000000000000000000000000000000000000000000000000000000000001304201700000000            000000000000000                              000                           
0010001300033T 090180230000001544772 29577050027707266   78888888888888991301201700000000000750000103049X888888888888899          0900000000000000000000000000000000000000000000000000000   000000000000000000000010009        170192957705     
0010001300034U 090000000000000000000000000000000000000000000000000000000000000000000000000000000000000000000000000000000000000000000000001304201700000000            000000000000000                              000                           
0010001300035T 090180230000001544772 29577050027734190   78888888888888991301201700000000000750000103049X888888888888899          0900000000000000000000000000000000000000000000000000000   000000000000000000000010009        170192957705     
0010001300036U 090000000000000000000000000000000000000000000000000000000000000000000000000000000000000000000000000000000000000000000000001304201700000000            000000000000000                              000                           
0010001300037T 090180230000001544772 29577050165708568   788888888888889913012017000000000007500001000213888888888888899          0900000000000000000000000000000000000000000000000000000   000000000000000000000010009        170192957705     
0010001300038U 090000000000000000000000000000000000000000000000000000000000000000000000000000000000000000000000000000000000000000000000001304201700000000            000000000000000                              000                           
0010001300039T 090180230000001544772 29577050210027030   788888888888889913012017000000000007500001012408888888888888899          0900000000000000000000000000000000000000000000000000000   000000000000000000000010009        170192957705     
0010001300040U 090000000000000000000000000000000000000000000000000000000000000000000000000000000000000000000000000000000000000000000000001304201700000000            000000000000000                              000                           
0010001300041T 090180230000001544772 29577050210037485   788888888888889913012017000000000007500001012408888888888888899          0900000000000000000000000000000000000000000000000000000   000000000000000000000010009        170192957705     
0010001300042U 090000000000000000000000000000000000000000000000000000000000000000000000000000000000000000000000000000000000000000000000001304201700000000            000000000000000                              000                           
0010001300043T 090180230000001544772 29577050210111734   788888888888889913012017000000000007500001004782888888888888899          0900000000000000000000000000000000000000000000000000000   000000000000000000000010009        170192957705     
0010001300044U 090000000000000000000000000000000000000000000000000000000000000000000000000000000000000000000000000000000000000000000000001304201700000000            000000000000000                              000                           
0010001300045T 090180230000001544772 29577050210510840   78888888888888991301201700000000000750000103049X888888888888899          0900000000000000000000000000000000000000000000000000000   000000000000000000000010009        170192957705     
0010001300046U 090000000000000000000000000000000000000000000000000000000000000000000000000000000000000000000000000000000000000000000000001304201700000000            000000000000000                              000                           
0010001300047T 090180230000001544772 29577050210659054   788888888888889913012017000000000007500001012416888888888888899          0900000000000000000000000000000000000000000000000000000   000000000000000000000010009        170192957705     
0010001300048U 090000000000000000000000000000000000000000000000000000000000000000000000000000000000000000000000000000000000000000000000001304201700000000            000000000000000                              000                           
0010001300049T 090180230000001544772 29577050210812741   78888888888888991301201700000000000750000103049X888888888888899          0900000000000000000000000000000000000000000000000000000   000000000000000000000010009        170192957705     
0010001300050U 090000000000000000000000000000000000000000000000000000000000000000000000000000000000000000000000000000000000000000000000001304201700000000            000000000000000                              000                           
0010001300051T 090180230000001544772 29577050210956315   788888888888889913012017000000000007500001004782888888888888899          0900000000000000000000000000000000000000000000000000000   000000000000000000000010009        170192957705     
0010001300052U 090000000000000000000000000000000000000000000000000000000000000000000000000000000000000000000000000000000000000000000000001304201700000000            000000000000000                              000                           
0010001300053T 090180230000001544772 29577050211022268   78888888888888991301201700000000000750000103049X888888888888899          0900000000000000000000000000000000000000000000000000000   000000000000000000000010009        170192957705     
0010001300054U 090000000000000000000000000000000000000000000000000000000000000000000000000000000000000000000000000000000000000000000000001304201700000000            000000000000000                              000                           
0010001300055T 090180230000001544772 29577050211137065   788888888888889913012017000000000007500001012416888888888888899          0900000000000000000000000000000000000000000000000000000   000000000000000000000010009        170192957705     
0010001300056U 090000000000000000000000000000000000000000000000000000000000000000000000000000000000000000000000000000000000000000000000001304201700000000            000000000000000                              000                           
0010001300057T 090180230000001544772 29577050211410155   78888888888888991301201700000000000750000103049X888888888888899          0900000000000000000000000000000000000000000000000000000   000000000000000000000010009        170192957705     
0010001300058U 090000000000000000000000000000000000000000000000000000000000000000000000000000000000000000000000000000000000000000000000001304201700000000            000000000000000                              000                           
0010001300059T 090180230000001544772 29577050211604513   788888888888889913012017000000000007500001000213888888888888899          0900000000000000000000000000000000000000000000000000000   000000000000000000000010009        170192957705     
0010001300060U 090000000000000000000000000000000000000000000000000000000000000000000000000000000000000000000000000000000000000000000000001304201700000000            000000000000000                              000                           
0010001300061T 090180230000001544772 29577050211733196   78888888888888991301201700000000000750000103049X888888888888899          0900000000000000000000000000000000000000000000000000000   000000000000000000000010009        170192957705     
0010001300062U 090000000000000000000000000000000000000000000000000000000000000000000000000000000000000000000000000000000000000000000000001304201700000000            000000000000000                              000                           
0010001300063T 090180230000001544772 29577050211813928   788888888888889913012017000000000007500001000213888888888888899          0900000000000000000000000000000000000000000000000000000   000000000000000000000010009        170192957705     
0010001300064U 090000000000000000000000000000000000000000000000000000000000000000000000000000000000000000000000000000000000000000000000001304201700000000            000000000000000                              000                           
0010001300065T 090180230000001544772 29577050211959342   788888888888889913012017000000000007500001012408888888888888899          0900000000000000000000000000000000000000000000000000000   000000000000000000000010009        170192957705     
0010001300066U 090000000000000000000000000000000000000000000000000000000000000000000000000000000000000000000000000000000000000000000000001304201700000000            000000000000000                              000                           
0010001300067T 090180230000001544772 29577050212019382   788888888888889913012017000000000007500001022802888888888888899          0900000000000000000000000000000000000000000000000000000   000000000000000000000010009        170192957705     
0010001300068U 090000000000000000000000000000000000000000000000000000000000000000000000000000000000000000000000000000000000000000000000001304201700000000            000000000000000                              000                           
0010001300069T 090180230000001544772 29577050212045098   788888888888889913012017000000000007500001022802888888888888899          0900000000000000000000000000000000000000000000000000000   000000000000000000000010009        170192957705     
0010001300070U 090000000000000000000000000000000000000000000000000000000000000000000000000000000000000000000000000000000000000000000000001304201700000000            000000000000000                              000                           
0010001300071T 090180230000001544772 29577050212046527   788888888888889913012017000000000007500001022802888888888888899          0900000000000000000000000000000000000000000000000000000   000000000000000000000010009        170192957705     
0010001300072U 090000000000000000000000000000000000000000000000000000000000000000000000000000000000000000000000000000000000000000000000001304201700000000            000000000000000                              000                           
0010001300073T 090180230000001544772 29577050212047402   788888888888889913012017000000000007500001022802888888888888899          0900000000000000000000000000000000000000000000000000000   000000000000000000000010009        170192957705     
0010001300074U 090000000000000000000000000000000000000000000000000000000000000000000000000000000000000000000000000000000000000000000000001304201700000000            000000000000000                              000                           
0010001300075T 090180230000001544772 29577050212155087   788888888888889913012017000000000007500001000213888888888888899          0900000000000000000000000000000000000000000000000000000   000000000000000000000010009        170192957705     
0010001300076U 090000000000000000000000000000000000000000000000000000000000000000000000000000000000000000000000000000000000000000000000001304201700000000            000000000000000                              000                           
0010001300077T 090180230000001544772 29577050212336449   788888888888889913012017000000000007500001000833888888888888899          0900000000000000000000000000000000000000000000000000000   000000000000000000000010009        170192957705     
0010001300078U 090000000000000000000000000000000000000000000000000000000000000000000000000000000000000000000000000000000000000000000000001304201700000000            000000000000000                              000                           
0010001300079T 280180230000001544772 29577050012720077   788888888888889912022017000000000007500001000000888888888888899          0900000000000000000000000000000000000000000000000000000   000000000000000000000005002        170192957705     
0010001300080U 280000000000000000000000000000000000000000000000000000000000000000000000000000000000000000000000000000000000000000000000001304201700000000            000000000000000                              000                           
0010001300081T 280180230000001544772 29577050018119251   788888888888889912022017000000000007500001000000888888888888899          0900000000000000000000000000000000000000000000000000000   000000000000000000000005002        170192957705     
0010001300082U 280000000000000000000000000000000000000000000000000000000000000000000000000000000000000000000000000000000000000000000000001304201700000000            000000000000000                              000                           
0010001300083T 280180230000001544772 29577050018613404   788888888888889912022017000000000007500001000000888888888888899          0900000000000000000000000000000000000000000000000000000   000000000000000000000005002        170192957705     
0010001300084U 280000000000000000000000000000000000000000000000000000000000000000000000000000000000000000000000000000000000000000000000001304201700000000            000000000000000                              000                           
0010001300085T 280180230000001544772 29577050022859615   788888888888889912022017000000000007500001000000888888888888899          0900000000000000000000000000000000000000000000000000000   000000000000000000000005002        170192957705     
0010001300086U 280000000000000000000000000000000000000000000000000000000000000000000000000000000000000000000000000000000000000000000000001304201700000000            000000000000000                              000                           
0010001300087T 280180230000001544772 29577050023143985   788888888888889912022017000000000007500001000000888888888888899          0900000000000000000000000000000000000000000000000000000   000000000000000000000005002        170192957705     
0010001300088U 280000000000000000000000000000000000000000000000000000000000000000000000000000000000000000000000000000000000000000000000001304201700000000            000000000000000                              000                           
0010001300089T 280180230000001544772 29577050023358497   788888888888889912022017000000000007500001000000888888888888899          0900000000000000000000000000000000000000000000000000000   000000000000000000000005002        170192957705     
0010001300090U 280000000000000000000000000000000000000000000000000000000000000000000000000000000000000000000000000000000000000000000000001304201700000000            000000000000000                              000                           
0010001300091T 280180230000001544772 29577050045053298   788888888888889912022017000000000007500001000000888888888888899          0900000000000000000000000000000000000000000000000000000   000000000000000000000005002        170192957705     
0010001300092U 280000000000000000000000000000000000000000000000000000000000000000000000000000000000000000000000000000000000000000000000001304201700000000            000000000000000                              000                           
0010001300093T 280180230000001544772 29577050053756079   788888888888889912022017000000000007500001000000888888888888899          0900000000000000000000000000000000000000000000000000000   000000000000000000000005002        170192957705     
0010001300094U 280000000000000000000000000000000000000000000000000000000000000000000000000000000000000000000000000000000000000000000000001304201700000000            000000000000000                              000                           
0010001300095T 280180230000001544772 29577050069234388   788888888888889912022017000000000007500001000000888888888888899          0900000000000000000000000000000000000000000000000000000   000000000000000000000005002        170192957705     
0010001300096U 280000000000000000000000000000000000000000000000000000000000000000000000000000000000000000000000000000000000000000000000001304201700000000            000000000000000                              000                           
0010001300097T 280180230000001544772 29577050086916125   788888888888889912022017000000000007500001000000888888888888899          0900000000000000000000000000000000000000000000000000000   000000000000000000000005002        170192957705     
0010001300098U 280000000000000000000000000000000000000000000000000000000000000000000000000000000000000000000000000000000000000000000000001304201700000000            000000000000000                              000                           
0010001300099T 280180230000001544772 29577050086937824   788888888888889912022017000000000007500001000000888888888888899          0900000000000000000000000000000000000000000000000000000   000000000000000000000005002        170192957705     
0010001300100U 280000000000000000000000000000000000000000000000000000000000000000000000000000000000000000000000000000000000000000000000001304201700000000            000000000000000                              000                           
0010001300101T 280180230000001544772 29577050091805810   788888888888889912022017000000000007500001000000888888888888899          0900000000000000000000000000000000000000000000000000000   000000000000000000000005002        170192957705     
0010001300102U 280000000000000000000000000000000000000000000000000000000000000000000000000000000000000000000000000000000000000000000000001304201700000000            000000000000000                              000                           
0010001300103T 280180230000001544772 29577050093623702   788888888888889912022017000000000007500001000000888888888888899          0900000000000000000000000000000000000000000000000000000   000000000000000000000005002        170192957705     
0010001300104U 280000000000000000000000000000000000000000000000000000000000000000000000000000000000000000000000000000000000000000000000001304201700000000            000000000000000                              000                           
0010001300105T 280180230000001544772 29577050105956644   788888888888889912022017000000000007500001000000888888888888899          0900000000000000000000000000000000000000000000000000000   000000000000000000000005002        170192957705     
0010001300106U 280000000000000000000000000000000000000000000000000000000000000000000000000000000000000000000000000000000000000000000000001304201700000000            000000000000000                              000                           
0010001300107T 280180230000001544772 29577050118007005   7               14032017000000000007500001000000                         0900000000000000000000000000000000000000000000000000000   000000000000000000000005002        170192957705     
0010001300108U 280000000000000000000000000000000000000000000000000000000000000000000000000000000000000000000000000000000000000000000000001304201700000000            000000000000000                              000                           
0010001300109T 280180230000001544772 29577050118015858   7               14032017000000000007500001000000                         0900000000000000000000000000000000000000000000000000000   000000000000000000000005002        170192957705     
0010001300110U 280000000000000000000000000000000000000000000000000000000000000000000000000000000000000000000000000000000000000000000000001304201700000000            000000000000000                              000                           
0010001300111T 280180230000001544772 29577050118026236   7               14032017000000000007500001000000                         0900000000000000000000000000000000000000000000000000000   000000000000000000000005002        170192957705     
0010001300112U 280000000000000000000000000000000000000000000000000000000000000000000000000000000000000000000000000000000000000000000000001304201700000000            000000000000000                              000                           
0010001300113T 280180230000001544772 29577050120841994   788888888888889912022017000000000007500001000000888888888888899          0900000000000000000000000000000000000000000000000000000   000000000000000000000005002        170192957705     
0010001300114U 280000000000000000000000000000000000000000000000000000000000000000000000000000000000000000000000000000000000000000000000001304201700000000            000000000000000                              000                           
0010001300115T 280180230000001544772 29577050155832381   788888888888889912022017000000000007500001000000888888888888899          0900000000000000000000000000000000000000000000000000000   000000000000000000000005002        170192957705     
0010001300116U 280000000000000000000000000000000000000000000000000000000000000000000000000000000000000000000000000000000000000000000000001304201700000000            000000000000000                              000                           
0010001300117T 280180230000001544772 29577050160505630   7               14032017000000000007500001000000                         0900000000000000000000000000000000000000000000000000000   000000000000000000000005002        170192957705     
0010001300118U 280000000000000000000000000000000000000000000000000000000000000000000000000000000000000000000000000000000000000000000000001304201700000000            000000000000000                              000                           
0010001300119T 280180230000001544772 29577050171658453   7               14032017000000000007500001000000                         0900000000000000000000000000000000000000000000000000000   000000000000000000000005002        170192957705     
0010001300120U 280000000000000000000000000000000000000000000000000000000000000000000000000000000000000000000000000000000000000000000000001304201700000000            000000000000000                              000                           
0010001300121T 280180230000001544772 29577050181102606   788888888888889912022017000000000007500001000000888888888888899          0900000000000000000000000000000000000000000000000000000   000000000000000000000005002        170192957705     
0010001300122U 280000000000000000000000000000000000000000000000000000000000000000000000000000000000000000000000000000000000000000000000001304201700000000            000000000000000                              000                           
0010001300123T 280180230000001544772 29577050182334221   788888888888889912022017000000000007500001000000888888888888899          0900000000000000000000000000000000000000000000000000000   000000000000000000000005002        170192957705     
0010001300124U 280000000000000000000000000000000000000000000000000000000000000000000000000000000000000000000000000000000000000000000000001304201700000000            000000000000000                              000                           
0010001300125T 280180230000001544772 29577050190851602   7               14032017000000000007500001000000                         0900000000000000000000000000000000000000000000000000000   000000000000000000000005002        170192957705     
0010001300126U 280000000000000000000000000000000000000000000000000000000000000000000000000000000000000000000000000000000000000000000000001304201700000000            000000000000000                              000                           
0010001300127T 280180230000001544772 29577050194341664   788888888888889912022017000000000007500001000000888888888888899          0900000000000000000000000000000000000000000000000000000   000000000000000000000005002        170192957705     
0010001300128U 280000000000000000000000000000000000000000000000000000000000000000000000000000000000000000000000000000000000000000000000001304201700000000            000000000000000                              000                           
0010001300129T 280180230000001544772 29577050195719513   7               14032017000000000007500001000000                         0900000000000000000000000000000000000000000000000000000   000000000000000000000005002        170192957705     
0010001300130U 280000000000000000000000000000000000000000000000000000000000000000000000000000000000000000000000000000000000000000000000001304201700000000            000000000000000                              000                           
0010001300131T 280180230000001544772 29577050207957969   788888888888889912022017000000000007500001000000888888888888899          0900000000000000000000000000000000000000000000000000000   000000000000000000000005002        170192957705     
0010001300132U 280000000000000000000000000000000000000000000000000000000000000000000000000000000000000000000000000000000000000000000000001304201700000000            000000000000000                              000                           
0010001300133T 280180230000001544772 29577050208455140   788888888888889912022017000000000007500001000000888888888888899          0900000000000000000000000000000000000000000000000000000   000000000000000000000005002        170192957705     
0010001300134U 280000000000000000000000000000000000000000000000000000000000000000000000000000000000000000000000000000000000000000000000001304201700000000            000000000000000                              000                           
0010001300135T 280180230000001544772 29577050241113026   7               14032017000000000010000001000000                         0900000000000000000000000000000000000000000000000000000   000000000000000000000005002        170192957705     
0010001300136U 280000000000000000000000000000000000000000000000000000000000000000000000000000000000000000000000000000000000000000000000001304201700000000            000000000000000                              000                           
0010001300137T 280180230000001544772 29577050255417007   788888888888889912022017000000000007500001000000888888888888899          0900000000000000000000000000000000000000000000000000000   000000000000000000000005002        170192957705     
0010001300138U 280000000000000000000000000000000000000000000000000000000000000000000000000000000000000000000000000000000000000000000000001304201700000000            000000000000000                              000                           
0010001300139T 280180230000001544772 29577050256026805   788888888888889912022017000000000007500001000000888888888888899          0900000000000000000000000000000000000000000000000000000   000000000000000000000005002        170192957705     
0010001300140U 280000000000000000000000000000000000000000000000000000000000000000000000000000000000000000000000000000000000000000000000001304201700000000            000000000000000                              000                           
0010001300141T 280180230000001544772 29577050263233969   788888888888889912022017000000000007500001000000888888888888899          0900000000000000000000000000000000000000000000000000000   000000000000000000000005002        170192957705     
0010001300142U 280000000000000000000000000000000000000000000000000000000000000000000000000000000000000000000000000000000000000000000000001304201700000000            000000000000000                              000                           
0010001300143T 280180230000001544772 29577050274735962   788888888888889912022017000000000007500001000000888888888888899          0900000000000000000000000000000000000000000000000000000   000000000000000000000005002        170192957705     
0010001300144U 280000000000000000000000000000000000000000000000000000000000000000000000000000000000000000000000000000000000000000000000001304201700000000            000000000000000                              000                           
0010001300145T 280180230000001544772 29577050308441928   788888888888889912022017000000000007500001000000888888888888899          0900000000000000000000000000000000000000000000000000000   000000000000000000000005002        170192957705     
0010001300146U 280000000000000000000000000000000000000000000000000000000000000000000000000000000000000000000000000000000000000000000000001304201700000000            000000000000000                              000                           
0010001300147T 280180230000001544772 29577050321440006   788888888888889912022017000000000007500001000000888888888888899          0900000000000000000000000000000000000000000000000000000   000000000000000000000005002        170192957705     
0010001300148U 280000000000000000000000000000000000000000000000000000000000000000000000000000000000000000000000000000000000000000000000001304201700000000            000000000000000                              000                           
0010001300149T 280180230000001544772 29577050344704676   788888888888889912022017000000000007500001000000888888888888899          0900000000000000000000000000000000000000000000000000000   000000000000000000000005002        170192957705     
0010001300150U 280000000000000000000000000000000000000000000000000000000000000000000000000000000000000000000000000000000000000000000000001304201700000000            000000000000000                              000                           
0010001300151T 280180230000001544772 29577050351653623   788888888888889912022017000000000007500001000000888888888888899          0900000000000000000000000000000000000000000000000000000   000000000000000000000005002        170192957705     
0010001300152U 280000000000000000000000000000000000000000000000000000000000000000000000000000000000000000000000000000000000000000000000001304201700000000            000000000000000                              000                           
0010001300153T 280180230000001544772 29577050353405999   788888888888889912022017000000000007500001000000888888888888899          0900000000000000000000000000000000000000000000000000000   000000000000000000000005002        170192957705     
0010001300154U 280000000000000000000000000000000000000000000000000000000000000000000000000000000000000000000000000000000000000000000000001304201700000000            000000000000000                              000                           
0010001300155T 280180230000001544772 29577050353437699   788888888888889912022017000000000007500001000000888888888888899          0900000000000000000000000000000000000000000000000000000   000000000000000000000005002        170192957705     
0010001300156U 280000000000000000000000000000000000000000000000000000000000000000000000000000000000000000000000000000000000000000000000001304201700000000            000000000000000                              000                           
0010001300157T 280180230000001544772 29577050353503541   788888888888889912022017000000000007500001000000888888888888899          0900000000000000000000000000000000000000000000000000000   000000000000000000000005002        170192957705     
0010001300158U 280000000000000000000000000000000000000000000000000000000000000000000000000000000000000000000000000000000000000000000000001304201700000000            000000000000000                              000                           
0010001300159T 280180230000001544772 29577050353806139   788888888888889912022017000000000010000001000000888888888888899          0900000000000000000000000000000000000000000000000000000   000000000000000000000005002        170192957705     
0010001300160U 280000000000000000000000000000000000000000000000000000000000000000000000000000000000000000000000000000000000000000000000001304201700000000            000000000000000                              000                           
0010001300161T 280180230000001544772 29577050355140901   788888888888889912022017000000000007500001000000888888888888899          0900000000000000000000000000000000000000000000000000000   000000000000000000000005002        170192957705     
0010001300162U 280000000000000000000000000000000000000000000000000000000000000000000000000000000000000000000000000000000000000000000000001304201700000000            000000000000000                              000                           
0010001300163T 280180230000001544772 29577050355345141   788888888888889912022017000000000007500001000000888888888888899          0900000000000000000000000000000000000000000000000000000   000000000000000000000005002        170192957705     
0010001300164U 280000000000000000000000000000000000000000000000000000000000000000000000000000000000000000000000000000000000000000000000001304201700000000            000000000000000                              000                           
0010001300165T 280180230000001544772 29577050366045800   788888888888889912022017000000000010000001000000888888888888899          0900000000000000000000000000000000000000000000000000000   000000000000000000000005002        170192957705     
0010001300166U 280000000000000000000000000000000000000000000000000000000000000000000000000000000000000000000000000000000000000000000000001304201700000000            000000000000000                              000                           
0010001300167T 280180230000001544772 29577050370052739   7               14032017000000000007500001000000                         0900000000000000000000000000000000000000000000000000000   000000000000000000000005002        170192957705     
0010001300168U 280000000000000000000000000000000000000000000000000000000000000000000000000000000000000000000000000000000000000000000000001304201700000000            000000000000000                              000                           
0010001300169T 280180230000001544772 29577050376309566   788888888888889912022017000000000007500001000000888888888888899          0900000000000000000000000000000000000000000000000000000   000000000000000000000005002        170192957705     
0010001300170U 280000000000000000000000000000000000000000000000000000000000000000000000000000000000000000000000000000000000000000000000001304201700000000            000000000000000                              000                           
0010001300171T 280180230000001544772 29577050376331719   788888888888889912022017000000000007500001000000888888888888899          0900000000000000000000000000000000000000000000000000000   000000000000000000000005002        170192957705     
0010001300172U 280000000000000000000000000000000000000000000000000000000000000000000000000000000000000000000000000000000000000000000000001304201700000000            000000000000000                              000                           
0010001300173T 280180230000001544772 29577050402406081   7               14032017000000000007500001000000                         0900000000000000000000000000000000000000000000000000000   000000000000000000000005002        170192957705     
0010001300174U 280000000000000000000000000000000000000000000000000000000000000000000000000000000000000000000000000000000000000000000000001304201700000000            000000000000000                              000                           
0010001300175T 280180230000001544772 29577050411731987   788888888888889912022017000000000007500001000000888888888888899          0900000000000000000000000000000000000000000000000000000   000000000000000000000005002        170192957705     
0010001300176U 280000000000000000000000000000000000000000000000000000000000000000000000000000000000000000000000000000000000000000000000001304201700000000            000000000000000                              000                           
0010001300177T 280180230000001544772 29577050432252850   788888888888889912022017000000000007500001000000888888888888899          0900000000000000000000000000000000000000000000000000000   000000000000000000000005002        170192957705     
0010001300178U 280000000000000000000000000000000000000000000000000000000000000000000000000000000000000000000000000000000000000000000000001304201700000000            000000000000000                              000                           
0010001300179T 280180230000001544772 29577050433702094   788888888888889912022017000000000007500001000000888888888888899          0900000000000000000000000000000000000000000000000000000   000000000000000000000005002        170192957705     
0010001300180U 280000000000000000000000000000000000000000000000000000000000000000000000000000000000000000000000000000000000000000000000001304201700000000            000000000000000                              000                           
0010001300181T 280180230000001544772 29577050437719282   7               14032017000000000007500001000000                         0900000000000000000000000000000000000000000000000000000   000000000000000000000005002        170192957705     
0010001300182U 280000000000000000000000000000000000000000000000000000000000000000000000000000000000000000000000000000000000000000000000001304201700000000            000000000000000                              000                           
0010001300183T 280180230000001544772 29577050449510096   788888888888889912022017000000000007500001000000888888888888899          0900000000000000000000000000000000000000000000000000000   000000000000000000000005002        170192957705     
0010001300184U 280000000000000000000000000000000000000000000000000000000000000000000000000000000000000000000000000000000000000000000000001304201700000000            000000000000000                              000                           
0010001300185T 280180230000001544772 29577050452424880   788888888888889912022017000000000007500001000000888888888888899          0900000000000000000000000000000000000000000000000000000   000000000000000000000005002        170192957705     
0010001300186U 280000000000000000000000000000000000000000000000000000000000000000000000000000000000000000000000000000000000000000000000001304201700000000            000000000000000                              000                           
0010001300187T 280180230000001544772 29577050458332625   788888888888889912022017000000000007500001000000888888888888899          0900000000000000000000000000000000000000000000000000000   000000000000000000000005002        170192957705     
0010001300188U 280000000000000000000000000000000000000000000000000000000000000000000000000000000000000000000000000000000000000000000000001304201700000000            000000000000000                              000                           
0010001300189T 280180230000001544772 29577050458613896   788888888888889912022017000000000007500001000000888888888888899          0900000000000000000000000000000000000000000000000000000   000000000000000000000005002        170192957705     
0010001300190U 280000000000000000000000000000000000000000000000000000000000000000000000000000000000000000000000000000000000000000000000001304201700000000            000000000000000                              000                           
0010001300191T 280180230000001544772 29577050469832389   788888888888889912022017000000000007500001000000888888888888899          0900000000000000000000000000000000000000000000000000000   000000000000000000000005002        170192957705     
0010001300192U 280000000000000000000000000000000000000000000000000000000000000000000000000000000000000000000000000000000000000000000000001304201700000000            000000000000000                              000                           
0010001300193T 280180230000001544772 29577050473225150   788888888888889912022017000000000007500001000000888888888888899          0900000000000000000000000000000000000000000000000000000   000000000000000000000005002        170192957705     
0010001300194U 280000000000000000000000000000000000000000000000000000000000000000000000000000000000000000000000000000000000000000000000001304201700000000            000000000000000                              000                           
0010001300195T 280180230000001544772 29577050473324503   788888888888889912022017000000000007500001000000888888888888899          0900000000000000000000000000000000000000000000000000000   000000000000000000000005002        170192957705     
0010001300196U 280000000000000000000000000000000000000000000000000000000000000000000000000000000000000000000000000000000000000000000000001304201700000000            000000000000000                              000                           
0010001300197T 280180230000001544772 29577050473521081   788888888888889912022017000000000007500001000000888888888888899          0900000000000000000000000000000000000000000000000000000   000000000000000000000005002        170192957705     
0010001300198U 280000000000000000000000000000000000000000000000000000000000000000000000000000000000000000000000000000000000000000000000001304201700000000            000000000000000                              000                           
0010001300199T 280180230000001544772 29577050473630738   788888888888889912022017000000000007500001000000888888888888899          0900000000000000000000000000000000000000000000000000000   000000000000000000000005002        170192957705     
0010001300200U 280000000000000000000000000000000000000000000000000000000000000000000000000000000000000000000000000000000000000000000000001304201700000000            000000000000000                              000                           
0010001300201T 280180230000001544772 29577050473929044   788888888888889912022017000000000007500001000000888888888888899          0900000000000000000000000000000000000000000000000000000   000000000000000000000005002        170192957705     
0010001300202U 280000000000000000000000000000000000000000000000000000000000000000000000000000000000000000000000000000000000000000000000001304201700000000            000000000000000                              000                           
0010001300203T 280180230000001544772 29577050474027706   788888888888889912022017000000000007500001000000888888888888899          0900000000000000000000000000000000000000000000000000000   000000000000000000000005002        170192957705     
0010001300204U 280000000000000000000000000000000000000000000000000000000000000000000000000000000000000000000000000000000000000000000000001304201700000000            000000000000000                              000                           
0010001300205T 280180230000001544772 29577050474113708   788888888888889912022017000000000007500001000000888888888888899          0900000000000000000000000000000000000000000000000000000   000000000000000000000005002        170192957705     
0010001300206U 280000000000000000000000000000000000000000000000000000000000000000000000000000000000000000000000000000000000000000000000001304201700000000            000000000000000                              000                           
0010001300207T 280180230000001544772 29577050474354772   788888888888889912022017000000000007500001000000888888888888899          0900000000000000000000000000000000000000000000000000000   000000000000000000000005002        170192957705     
0010001300208U 280000000000000000000000000000000000000000000000000000000000000000000000000000000000000000000000000000000000000000000000001304201700000000            000000000000000                              000                           
0010001300209T 280180230000001544772 29577050474545710   788888888888889912022017000000000007500001000000888888888888899          0900000000000000000000000000000000000000000000000000000   000000000000000000000005002        170192957705     
0010001300210U 280000000000000000000000000000000000000000000000000000000000000000000000000000000000000000000000000000000000000000000000001304201700000000            000000000000000                              000                           
0010001300211T 280180230000001544772 29577050474616567   788888888888889912022017000000000007500001000000888888888888899          0900000000000000000000000000000000000000000000000000000   000000000000000000000005002        170192957705     
0010001300212U 280000000000000000000000000000000000000000000000000000000000000000000000000000000000000000000000000000000000000000000000001304201700000000            000000000000000                              000                           
0010001300213T 280180230000001544772 29577050474823178   788888888888889912022017000000000007500001000000888888888888899          0900000000000000000000000000000000000000000000000000000   000000000000000000000005002        170192957705     
0010001300214U 280000000000000000000000000000000000000000000000000000000000000000000000000000000000000000000000000000000000000000000000001304201700000000            000000000000000                              000                           
0010001300215T 280180230000001544772 29577050475008237   788888888888889912022017000000000007500001000000888888888888899          0900000000000000000000000000000000000000000000000000000   000000000000000000000005002        170192957705     
0010001300216U 280000000000000000000000000000000000000000000000000000000000000000000000000000000000000000000000000000000000000000000000001304201700000000            000000000000000                              000                           
0010001300217T 280180230000001544772 29577050475106080   788888888888889912022017000000000007500001000000888888888888899          0900000000000000000000000000000000000000000000000000000   000000000000000000000005002        170192957705     
0010001300218U 280000000000000000000000000000000000000000000000000000000000000000000000000000000000000000000000000000000000000000000000001304201700000000            000000000000000                              000                           
0010001300219T 280180230000001544772 29577050475240495   788888888888889912022017000000000010000001000000888888888888899          0900000000000000000000000000000000000000000000000000000   000000000000000000000005002        170192957705     
0010001300220U 280000000000000000000000000000000000000000000000000000000000000000000000000000000000000000000000000000000000000000000000001304201700000000            000000000000000                              000                           
0010001300221T 280180230000001544772 29577050475314626   788888888888889912022017000000000007500001000000888888888888899          0900000000000000000000000000000000000000000000000000000   000000000000000000000005002        170192957705     
0010001300222U 280000000000000000000000000000000000000000000000000000000000000000000000000000000000000000000000000000000000000000000000001304201700000000            000000000000000                              000                           
0010001300223T 280180230000001544772 29577050475416961   788888888888889912022017000000000007500001000000888888888888899          0900000000000000000000000000000000000000000000000000000   000000000000000000000005002        170192957705     
0010001300224U 280000000000000000000000000000000000000000000000000000000000000000000000000000000000000000000000000000000000000000000000001304201700000000            000000000000000                              000                           
0010001300225T 280180230000001544772 29577050475505726   788888888888889912022017000000000007500001000000888888888888899          0900000000000000000000000000000000000000000000000000000   000000000000000000000005002        170192957705     
0010001300226U 280000000000000000000000000000000000000000000000000000000000000000000000000000000000000000000000000000000000000000000000001304201700000000            000000000000000                              000                           
0010001300227T 280180230000001544772 29577050475707837   788888888888889912022017000000000007500001000000888888888888899          0900000000000000000000000000000000000000000000000000000   000000000000000000000005002        170192957705     
0010001300228U 280000000000000000000000000000000000000000000000000000000000000000000000000000000000000000000000000000000000000000000000001304201700000000            000000000000000                              000                           
0010001300229T 280180230000001544772 29577050475855535   788888888888889912022017000000000007500001000000888888888888899          0900000000000000000000000000000000000000000000000000000   000000000000000000000005002        170192957705     
0010001300230U 280000000000000000000000000000000000000000000000000000000000000000000000000000000000000000000000000000000000000000000000001304201700000000            000000000000000                              000                           
0010001300231T 280180230000001544772 29577050475922505   788888888888889912022017000000000007500001000000888888888888899          0900000000000000000000000000000000000000000000000000000   000000000000000000000005002        170192957705     
0010001300232U 280000000000000000000000000000000000000000000000000000000000000000000000000000000000000000000000000000000000000000000000001304201700000000            000000000000000                              000                           
0010001300233T 280180230000001544772 29577050476030322   788888888888889912022017000000000007500001000000888888888888899          0900000000000000000000000000000000000000000000000000000   000000000000000000000005002        170192957705     
0010001300234U 280000000000000000000000000000000000000000000000000000000000000000000000000000000000000000000000000000000000000000000000001304201700000000            000000000000000                              000                           
0010001300235T 280180230000001544772 29577050476034442   788888888888889912022017000000000007500001000000888888888888899          0900000000000000000000000000000000000000000000000000000   000000000000000000000005002        170192957705     
0010001300236U 280000000000000000000000000000000000000000000000000000000000000000000000000000000000000000000000000000000000000000000000001304201700000000            000000000000000                              000                           
0010001300237T 280180230000001544772 29577050476102616   788888888888889912022017000000000007500001000000888888888888899          0900000000000000000000000000000000000000000000000000000   000000000000000000000005002        170192957705     
0010001300238U 280000000000000000000000000000000000000000000000000000000000000000000000000000000000000000000000000000000000000000000000001304201700000000            000000000000000                              000                           
0010001300239T 280180230000001544772 29577050476318448   788888888888889912022017000000000007500001000000888888888888899          0900000000000000000000000000000000000000000000000000000   000000000000000000000005002        170192957705     
0010001300240U 280000000000000000000000000000000000000000000000000000000000000000000000000000000000000000000000000000000000000000000000001304201700000000            000000000000000                              000                           
0010001300241T 280180230000001544772 29577050476339904   788888888888889912022017000000000007500001000000888888888888899          0900000000000000000000000000000000000000000000000000000   000000000000000000000005002        170192957705     
0010001300242U 280000000000000000000000000000000000000000000000000000000000000000000000000000000000000000000000000000000000000000000000001304201700000000            000000000000000                              000                           
0010001300243T 280180230000001544772 29577050476558223   788888888888889912022017000000000007500001000000888888888888899          0900000000000000000000000000000000000000000000000000000   000000000000000000000005002        170192957705     
0010001300244U 280000000000000000000000000000000000000000000000000000000000000000000000000000000000000000000000000000000000000000000000001304201700000000            000000000000000                              000                           
0010001300245T 280180230000001544772 29577050476653506   788888888888889912022017000000000007500001000000888888888888899          0900000000000000000000000000000000000000000000000000000   000000000000000000000005002        170192957705     
0010001300246U 280000000000000000000000000000000000000000000000000000000000000000000000000000000000000000000000000000000000000000000000001304201700000000            000000000000000                              000                           
0010001300247T 280180230000001544772 29577050476706741   788888888888889912022017000000000007500001000000888888888888899          0900000000000000000000000000000000000000000000000000000   000000000000000000000005002        170192957705     
0010001300248U 280000000000000000000000000000000000000000000000000000000000000000000000000000000000000000000000000000000000000000000000001304201700000000            000000000000000                              000                           
0010001300249T 280180230000001544772 29577050476841145   788888888888889912022017000000000007500001000000888888888888899          0900000000000000000000000000000000000000000000000000000   000000000000000000000005002        170192957705     
0010001300250U 280000000000000000000000000000000000000000000000000000000000000000000000000000000000000000000000000000000000000000000000001304201700000000            000000000000000                              000                           
0010001300251T 280180230000001544772 29577050476925000   788888888888889912022017000000000007500001000000888888888888899          0900000000000000000000000000000000000000000000000000000   000000000000000000000005002        170192957705     
0010001300252U 280000000000000000000000000000000000000000000000000000000000000000000000000000000000000000000000000000000000000000000000001304201700000000            000000000000000                              000                           
0010001300253T 280180230000001544772 29577050477046452   788888888888889912022017000000000007500001000000888888888888899          0900000000000000000000000000000000000000000000000000000   000000000000000000000005002        170192957705     
0010001300254U 280000000000000000000000000000000000000000000000000000000000000000000000000000000000000000000000000000000000000000000000001304201700000000            000000000000000                              000                           
0010001300255T 280180230000001544772 29577050477120362   788888888888889912022017000000000007500001000000888888888888899          0900000000000000000000000000000000000000000000000000000   000000000000000000000005002        170192957705     
0010001300256U 280000000000000000000000000000000000000000000000000000000000000000000000000000000000000000000000000000000000000000000000001304201700000000            000000000000000                              000                           
0010001300257T 280180230000001544772 29577050477223359   788888888888889912022017000000000007500001000000888888888888899          0900000000000000000000000000000000000000000000000000000   000000000000000000000005002        170192957705     
0010001300258U 280000000000000000000000000000000000000000000000000000000000000000000000000000000000000000000000000000000000000000000000001304201700000000            000000000000000                              000                           
0010001300259T 280180230000001544772 29577050477407843   788888888888889912022017000000000007500001000000888888888888899          0900000000000000000000000000000000000000000000000000000   000000000000000000000005002        170192957705     
0010001300260U 280000000000000000000000000000000000000000000000000000000000000000000000000000000000000000000000000000000000000000000000001304201700000000            000000000000000                              000                           
0010001300261T 280180230000001544772 29577050477648912   788888888888889912022017000000000007500001000000888888888888899          0900000000000000000000000000000000000000000000000000000   000000000000000000000005002        170192957705     
0010001300262U 280000000000000000000000000000000000000000000000000000000000000000000000000000000000000000000000000000000000000000000000001304201700000000            000000000000000                              000                           
0010001300263T 280180230000001544772 29577050477842369   788888888888889912022017000000000010000001000000888888888888899          0900000000000000000000000000000000000000000000000000000   000000000000000000000005002        170192957705     
0010001300264U 280000000000000000000000000000000000000000000000000000000000000000000000000000000000000000000000000000000000000000000000001304201700000000            000000000000000                              000                           
0010001300265T 280180230000001544772 29577050477954709   788888888888889912022017000000000007500001000000888888888888899          0900000000000000000000000000000000000000000000000000000   000000000000000000000005002        170192957705     
0010001300266U 280000000000000000000000000000000000000000000000000000000000000000000000000000000000000000000000000000000000000000000000001304201700000000            000000000000000                              000                           
0010001300267T 280180230000001544772 29577050478208980   788888888888889912022017000000000007500001000000888888888888899          0900000000000000000000000000000000000000000000000000000   000000000000000000000005002        170192957705     
0010001300268U 280000000000000000000000000000000000000000000000000000000000000000000000000000000000000000000000000000000000000000000000001304201700000000            000000000000000                              000                           
0010001300269T 280180230000001544772 29577050479046719   788888888888889912022017000000000010000001000000888888888888899          0900000000000000000000000000000000000000000000000000000   000000000000000000000005002        170192957705     
0010001300270U 280000000000000000000000000000000000000000000000000000000000000000000000000000000000000000000000000000000000000000000000001304201700000000            000000000000000                              000                           
0010001300271T 280180230000001544772 29577050479143020   788888888888889912022017000000000007500001000000888888888888899          0900000000000000000000000000000000000000000000000000000   000000000000000000000005002        170192957705     
0010001300272U 280000000000000000000000000000000000000000000000000000000000000000000000000000000000000000000000000000000000000000000000001304201700000000            000000000000000                              000                           
0010001300273T 280180230000001544772 29577050479443951   788888888888889912022017000000000007500001000000888888888888899          0900000000000000000000000000000000000000000000000000000   000000000000000000000005002        170192957705     
0010001300274U 280000000000000000000000000000000000000000000000000000000000000000000000000000000000000000000000000000000000000000000000001304201700000000            000000000000000                              000                           
0010001300275T 280180230000001544772 29577050479518082   788888888888889912022017000000000007500001000000888888888888899          0900000000000000000000000000000000000000000000000000000   000000000000000000000005002        170192957705     
0010001300276U 280000000000000000000000000000000000000000000000000000000000000000000000000000000000000000000000000000000000000000000000001304201700000000            000000000000000                              000                           
0010001300277T 280180230000001544772 29577050479626526   788888888888889912022017000000000007500001000000888888888888899          0900000000000000000000000000000000000000000000000000000   000000000000000000000005002        170192957705     
0010001300278U 280000000000000000000000000000000000000000000000000000000000000000000000000000000000000000000000000000000000000000000000001304201700000000            000000000000000                              000                           
0010001300279T 280180230000001544772 29577050479739617   788888888888889912022017000000000007500001000000888888888888899          0900000000000000000000000000000000000000000000000000000   000000000000000000000005002        170192957705     
0010001300280U 280000000000000000000000000000000000000000000000000000000000000000000000000000000000000000000000000000000000000000000000001304201700000000            000000000000000                              000                           
0010001300281T 280180230000001544772 29577050479747406   788888888888889912022017000000000007500001000000888888888888899          0900000000000000000000000000000000000000000000000000000   000000000000000000000005002        170192957705     
0010001300282U 280000000000000000000000000000000000000000000000000000000000000000000000000000000000000000000000000000000000000000000000001304201700000000            000000000000000                              000                           
0010001300283T 280180230000001544772 29577050479804647   788888888888889912022017000000000007500001000000888888888888899          0900000000000000000000000000000000000000000000000000000   000000000000000000000005002        170192957705     
0010001300284U 280000000000000000000000000000000000000000000000000000000000000000000000000000000000000000000000000000000000000000000000001304201700000000            000000000000000                              000                           
0010001300285T 280180230000001544772 29577050479913812   788888888888889912022017000000000007500001000000888888888888899          0900000000000000000000000000000000000000000000000000000   000000000000000000000005002        170192957705     
0010001300286U 280000000000000000000000000000000000000000000000000000000000000000000000000000000000000000000000000000000000000000000000001304201700000000            000000000000000                              000                           
0010001300287T 280180230000001544772 29577050480018337   788888888888889912022017000000000007500001000000888888888888899          0900000000000000000000000000000000000000000000000000000   000000000000000000000005002        170192957705     
0010001300288U 280000000000000000000000000000000000000000000000000000000000000000000000000000000000000000000000000000000000000000000000001304201700000000            000000000000000                              000                           
0010001300289T 280180230000001544772 29577050480127535   788888888888889912022017000000000007500001000000888888888888899          0900000000000000000000000000000000000000000000000000000   000000000000000000000005002        170192957705     
0010001300290U 280000000000000000000000000000000000000000000000000000000000000000000000000000000000000000000000000000000000000000000000001304201700000000            000000000000000                              000                           
0010001300291T 280180230000001544772 29577050480340818   788888888888889912022017000000000007500001000000888888888888899          0900000000000000000000000000000000000000000000000000000   000000000000000000000005002        170192957705     
0010001300292U 280000000000000000000000000000000000000000000000000000000000000000000000000000000000000000000000000000000000000000000000001304201700000000            000000000000000                              000                           
0010001300293T 280180230000001544772 29577050480451538   788888888888889912022017000000000007500001000000888888888888899          0900000000000000000000000000000000000000000000000000000   000000000000000000000005002        170192957705     
0010001300294U 280000000000000000000000000000000000000000000000000000000000000000000000000000000000000000000000000000000000000000000000001304201700000000            000000000000000                              000                           
0010001300295T 280180230000001544772 29577050480501054   788888888888889912022017000000000007500001000000888888888888899          0900000000000000000000000000000000000000000000000000000   000000000000000000000005002        170192957705     
0010001300296U 280000000000000000000000000000000000000000000000000000000000000000000000000000000000000000000000000000000000000000000000001304201700000000            000000000000000                              000                           
0010001300297T 280180230000001544772 29577050480612111   788888888888889912022017000000000007500001000000888888888888899          0900000000000000000000000000000000000000000000000000000   000000000000000000000005002        170192957705     
0010001300298U 280000000000000000000000000000000000000000000000000000000000000000000000000000000000000000000000000000000000000000000000001304201700000000            000000000000000                              000                           
0010001300299T 280180230000001544772 29577050480834357   788888888888889912022017000000000007500001000000888888888888899          0900000000000000000000000000000000000000000000000000000   000000000000000000000005002        170192957705     
0010001300300U 280000000000000000000000000000000000000000000000000000000000000000000000000000000000000000000000000000000000000000000000001304201700000000            000000000000000                              000                           
0010001300301T 280180230000001544772 29577050494644019   7               14032017000000000007500001000000                         0900000000000000000000000000000000000000000000000000000   000000000000000000000005002        170192957705     
0010001300302U 280000000000000000000000000000000000000000000000000000000000000000000000000000000000000000000000000000000000000000000000001304201700000000            000000000000000                              000                           
0010001300303T 280180230000001544772 29577050500654516   7               14032017000000000007500001000000                         0900000000000000000000000000000000000000000000000000000   000000000000000000000005002        170192957705     
0010001300304U 280000000000000000000000000000000000000000000000000000000000000000000000000000000000000000000000000000000000000000000000001304201700000000            000000000000000                              000                           
0010001300305T 280180230000001544772 29577050503221778   7               14032017000000000007500001000000                         0900000000000000000000000000000000000000000000000000000   000000000000000000000005002        170192957705     
0010001300306U 280000000000000000000000000000000000000000000000000000000000000000000000000000000000000000000000000000000000000000000000001304201700000000            000000000000000                              000                           
0010001300307T 280180230000001544772 29577050503455737   7               14032017000000000007500001000000                         0900000000000000000000000000000000000000000000000000000   000000000000000000000005002        170192957705     
0010001300308U 280000000000000000000000000000000000000000000000000000000000000000000000000000000000000000000000000000000000000000000000001304201700000000            000000000000000                              000                           
0010001300309T 280180230000001544772 29577050947836528   7               14032017000000000007500001000000                         0900000000000000000000000000000000000000000000000000000   000000000000000000000005002        170192957705     
0010001300310U 280000000000000000000000000000000000000000000000000000000000000000000000000000000000000000000000000000000000000000000000001304201700000000            000000000000000                              000                           
0010001300311T 280180230000001544772 29577050997414989   7               14032017000000000007500001000000                         0900000000000000000000000000000000000000000000000000000   000000000000000000000005002        170192957705     
0010001300312U 280000000000000000000000000000000000000000000000000000000000000000000000000000000000000000000000000000000000000000000000001304201700000000            000000000000000                              000                           
0010001300313T 280180230000001544772 29577051043022829   7               14032017000000000007500001000000                         0900000000000000000000000000000000000000000000000000000   000000000000000000000005002        170192957705     
0010001300314U 280000000000000000000000000000000000000000000000000000000000000000000000000000000000000000000000000000000000000000000000001304201700000000            000000000000000                              000                           
0010001300315T 280180230000001544772 29577051171636707   7               14032017000000000010000001000000                         0900000000000000000000000000000000000000000000000000000   000000000000000000000005002        170192957705     
0010001300316U 280000000000000000000000000000000000000000000000000000000000000000000000000000000000000000000000000000000000000000000000001304201700000000            000000000000000                              000                           
0010001300317T 280180230000001544772 29577051171657135   7               14032017000000000010000001000000                         0900000000000000000000000000000000000000000000000000000   000000000000000000000005002        170192957705     
0010001300318U 280000000000000000000000000000000000000000000000000000000000000000000000000000000000000000000000000000000000000000000000001304201700000000            000000000000000                              000                           
0010001300319T 280180230000001544772 29577051187204125   7               14032017000000000007500001000000                         0900000000000000000000000000000000000000000000000000000   000000000000000000000005002        170192957705     
0010001300320U 280000000000000000000000000000000000000000000000000000000000000000000000000000000000000000000000000000000000000000000000001304201700000000            000000000000000                              000                           
0010001300321T 280180230000001544772 29577051210134099   7               14032017000000000007500001000000                         0900000000000000000000000000000000000000000000000000000   000000000000000000000005002        170192957705     
0010001300322U 280000000000000000000000000000000000000000000000000000000000000000000000000000000000000000000000000000000000000000000000001304201700000000            000000000000000                              000                           
0010001300323T 280180230000001544772 29577051210651186   7               14032017000000000007500001000000                         0900000000000000000000000000000000000000000000000000000   000000000000000000000005002        170192957705     
0010001300324U 280000000000000000000000000000000000000000000000000000000000000000000000000000000000000000000000000000000000000000000000001304201700000000            000000000000000                              000                           
0010001300325T 280180230000001544772 29577051210827194   7               14032017000000000007500001000000                         0900000000000000000000000000000000000000000000000000000   000000000000000000000005002        170192957705     
0010001300326U 280000000000000000000000000000000000000000000000000000000000000000000000000000000000000000000000000000000000000000000000001304201700000000            000000000000000                              000                           
0010001300327T 280180230000001544772 29577051211640178   7               14032017000000000007500001000000                         0900000000000000000000000000000000000000000000000000000   000000000000000000000005002        170192957705     
0010001300328U 280000000000000000000000000000000000000000000000000000000000000000000000000000000000000000000000000000000000000000000000001304201700000000            000000000000000                              000                           
0010001300329T 280180230000001544772 29577051212417550   7               14032017000000000007500001000000                         0900000000000000000000000000000000000000000000000000000   000000000000000000000005002        170192957705     
0010001300330U 280000000000000000000000000000000000000000000000000000000000000000000000000000000000000000000000000000000000000000000000001304201700000000            000000000000000                              000                           
0010001300331T 280180230000001544772 29577051213127632   7               14032017000000000007500001000000                         0900000000000000000000000000000000000000000000000000000   000000000000000000000005002        170192957705     
0010001300332U 280000000000000000000000000000000000000000000000000000000000000000000000000000000000000000000000000000000000000000000000001304201700000000            000000000000000                              000                           
0010001300333T 280180230000001544772 29577051214418755   7               14032017000000000007500001000000                         0900000000000000000000000000000000000000000000000000000   000000000000000000000005002        170192957705     
0010001300334U 280000000000000000000000000000000000000000000000000000000000000000000000000000000000000000000000000000000000000000000000001304201700000000            000000000000000                              000                           
0010001300335T 280180230000001544772 29577051214757130   7               14032017000000000007500001000000                         0900000000000000000000000000000000000000000000000000000   000000000000000000000005002        170192957705     
0010001300336U 280000000000000000000000000000000000000000000000000000000000000000000000000000000000000000000000000000000000000000000000001304201700000000            000000000000000                              000                           
0010001300337T 280180230000001544772 29577051215451563   7               14032017000000000007500001000000                         0900000000000000000000000000000000000000000000000000000   000000000000000000000005002        170192957705     
0010001300338U 280000000000000000000000000000000000000000000000000000000000000000000000000000000000000000000000000000000000000000000000001304201700000000            000000000000000                              000                           
0010001300339T 280180230000001544772 29577051215637046   7               14032017000000000007500001000000                         0900000000000000000000000000000000000000000000000000000   000000000000000000000005002        170192957705     
0010001300340U 280000000000000000000000000000000000000000000000000000000000000000000000000000000000000000000000000000000000000000000000001304201700000000            000000000000000                              000                           
0010001300341T 280180230000001544772 29577051215742362   7               14032017000000000007500001000000                         0900000000000000000000000000000000000000000000000000000   000000000000000000000005002        170192957705     
0010001300342U 280000000000000000000000000000000000000000000000000000000000000000000000000000000000000000000000000000000000000000000000001304201700000000            000000000000000                              000                           
0010001300343T 280180230000001544772 29577051216822004   7               14032017000000000007500001000000                         0900000000000000000000000000000000000000000000000000000   000000000000000000000005002        170192957705     
0010001300344U 280000000000000000000000000000000000000000000000000000000000000000000000000000000000000000000000000000000000000000000000001304201700000000            000000000000000                              000                           
0010001300345T 280180230000001544772 29577051217516931   7               14032017000000000007500001000000                         0900000000000000000000000000000000000000000000000000000   000000000000000000000005002        170192957705     
0010001300346U 280000000000000000000000000000000000000000000000000000000000000000000000000000000000000000000000000000000000000000000000001304201700000000            000000000000000                              000                           
0010001300347T 280180230000001544772 29577051217634250   7               14032017000000000007500001000000                         0900000000000000000000000000000000000000000000000000000   000000000000000000000005002        170192957705     
0010001300348U 280000000000000000000000000000000000000000000000000000000000000000000000000000000000000000000000000000000000000000000000001304201700000000            000000000000000                              000                           
0010001300349T 280180230000001544772 29577051218223998   7               14032017000000000007500001000000                         0900000000000000000000000000000000000000000000000000000   000000000000000000000005002        170192957705     
0010001300350U 280000000000000000000000000000000000000000000000000000000000000000000000000000000000000000000000000000000000000000000000001304201700000000            000000000000000                              000                           
0010001300351T 280180230000001544772 29577051219253290   7               14032017000000000007500001000000                         0900000000000000000000000000000000000000000000000000000   000000000000000000000005002        170192957705     
0010001300352U 280000000000000000000000000000000000000000000000000000000000000000000000000000000000000000000000000000000000000000000000001304201700000000            000000000000000                              000                           
0010001300353T 280180230000001544772 29577051219615280   7               14032017000000000007500001000000                         0900000000000000000000000000000000000000000000000000000   000000000000000000000005002        170192957705     
0010001300354U 280000000000000000000000000000000000000000000000000000000000000000000000000000000000000000000000000000000000000000000000001304201700000000            000000000000000                              000                           
0010001300355T 280180230000001544772 29577051221448952   7               14032017000000000007500001000000                         0900000000000000000000000000000000000000000000000000000   000000000000000000000005002        170192957705     
0010001300356U 280000000000000000000000000000000000000000000000000000000000000000000000000000000000000000000000000000000000000000000000001304201700000000            000000000000000                              000                           
00100015         000358005654000000000432670000000000000000000000000000000000000000000000000000000000000000000000000000000000000000000000000000000                                                                                              
00199999         000001000360000000                                                                                                                                                            00000000000000000000000000000                    
