00100000         2247745860001000029577050014       0180230000001544772 INSTITUTO DE SELECAO E TECNOLOBANCO DO BRASIL                         21904201701241900018003000000515122941PROCESSAMEN                                                 
00100011T0100020 20247745860001000029577050014       0180230000001544772 INSTITUTO DE SELECAO E TECNOLO                                                                                000000001904201700000000  000000000                      
0010001300001T 020180230000001544772 29577050248134733   7               21042017000000000007500001000213                         0900000000000010000000000000000000000000000000000000000   0000000000000000000000000A9        170192957705     
0010001300002U 020000000000000000000000000000000000000000000000000000000000000000000000000000000000000000000000000000000000000000000000001904201700000000            000000000000000                              000                           
0010001300003T 020180230000001544772 29577050393358368   7               2104201700000000000750000103049X                         0900000000000010000000000000000000000000000000000000000   0000000000000000000000000A9        170192957705     
0010001300004U 020000000000000000000000000000000000000000000000000000000000000000000000000000000000000000000000000000000000000000000000001904201700000000            000000000000000                              000                           
0010001300005T 020180230000001544772 29577050982737929   7               21042017000000000007500001000213                         0900000000000010000000000000000000000000000000000000000   0000000000000000000000000A9        170192957705     
0010001300006U 020000000000000000000000000000000000000000000000000000000000000000000000000000000000000000000000000000000000000000000000001904201700000000            000000000000000                              000                           
0010001300007T 090180230000001544772 29577050000624331   788888888888889919012017000000000007500001000213888888888888899          0900000000000000000000000000000000000000000000000000000   000000000000000000000010009        170192957705     
0010001300008U 090000000000000000000000000000000000000000000000000000000000000000000000000000000000000000000000000000000000000000000000001904201700000000            000000000000000                              000                           
0010001300009T 090180230000001544772 29577050006357952   788888888888889919012017000000000007500001012408888888888888899          0900000000000000000000000000000000000000000000000000000   000000000000000000000010009        170192957705     
0010001300010U 090000000000000000000000000000000000000000000000000000000000000000000000000000000000000000000000000000000000000000000000001904201700000000            000000000000000                              000                           
0010001300011T 090180230000001544772 29577050020141247   788888888888889919012017000000000007500001012408888888888888899          0900000000000000000000000000000000000000000000000000000   000000000000000000000010009        170192957705     
0010001300012U 090000000000000000000000000000000000000000000000000000000000000000000000000000000000000000000000000000000000000000000000001904201700000000            000000000000000                              000                           
0010001300013T 090180230000001544772 29577050024642425   788888888888889919012017000000000007500001000213888888888888899          0900000000000000000000000000000000000000000000000000000   000000000000000000000010009        170192957705     
0010001300014U 090000000000000000000000000000000000000000000000000000000000000000000000000000000000000000000000000000000000000000000000001904201700000000            000000000000000                              000                           
0010001300015T 090180230000001544772 29577050025640936   788888888888889919012017000000000007500001012416888888888888899          0900000000000000000000000000000000000000000000000000000   000000000000000000000010009        170192957705     
0010001300016U 090000000000000000000000000000000000000000000000000000000000000000000000000000000000000000000000000000000000000000000000001904201700000000            000000000000000                              000                           
0010001300017T 090180230000001544772 29577050028017554   788888888888889919012017000000000007500001000213888888888888899          0900000000000000000000000000000000000000000000000000000   000000000000000000000010009        170192957705     
0010001300018U 090000000000000000000000000000000000000000000000000000000000000000000000000000000000000000000000000000000000000000000000001904201700000000            000000000000000                              000                           
0010001300019T 090180230000001544772 29577050028053897   788888888888889919012017000000000007500001000213888888888888899          0900000000000000000000000000000000000000000000000000000   000000000000000000000010009        170192957705     
0010001300020U 090000000000000000000000000000000000000000000000000000000000000000000000000000000000000000000000000000000000000000000000001904201700000000            000000000000000                              000                           
0010001300021T 090180230000001544772 29577050028101010   788888888888889919012017000000000007500001000213888888888888899          0900000000000000000000000000000000000000000000000000000   000000000000000000000010009        170192957705     
0010001300022U 090000000000000000000000000000000000000000000000000000000000000000000000000000000000000000000000000000000000000000000000001904201700000000            000000000000000                              000                           
0010001300023T 090180230000001544772 29577050028234717   788888888888889919012017000000000007500001000213888888888888899          0900000000000000000000000000000000000000000000000000000   000000000000000000000010009        170192957705     
0010001300024U 090000000000000000000000000000000000000000000000000000000000000000000000000000000000000000000000000000000000000000000000001904201700000000            000000000000000                              000                           
0010001300025T 090180230000001544772 29577050028250190   788888888888889919012017000000000007500001000213888888888888899          0900000000000000000000000000000000000000000000000000000   000000000000000000000010009        170192957705     
0010001300026U 090000000000000000000000000000000000000000000000000000000000000000000000000000000000000000000000000000000000000000000000001904201700000000            000000000000000                              000                           
0010001300027T 090180230000001544772 29577050028312341   78888888888888991901201700000000000750000103049X888888888888899          0900000000000000000000000000000000000000000000000000000   000000000000000000000010009        170192957705     
0010001300028U 090000000000000000000000000000000000000000000000000000000000000000000000000000000000000000000000000000000000000000000000001904201700000000            000000000000000                              000                           
0010001300029T 090180230000001544772 29577050028353944   78888888888888991901201700000000000750000103049X888888888888899          0900000000000000000000000000000000000000000000000000000   000000000000000000000010009        170192957705     
0010001300030U 090000000000000000000000000000000000000000000000000000000000000000000000000000000000000000000000000000000000000000000000001904201700000000            000000000000000                              000                           
0010001300031T 090180230000001544772 29577050028508098   788888888888889919012017000000000007500001012408888888888888899          0900000000000000000000000000000000000000000000000000000   000000000000000000000010009        170192957705     
0010001300032U 090000000000000000000000000000000000000000000000000000000000000000000000000000000000000000000000000000000000000000000000001904201700000000            000000000000000                              000                           
0010001300033T 090180230000001544772 29577050028647501   788888888888889919012017000000000007500001012416888888888888899          0900000000000000000000000000000000000000000000000000000   000000000000000000000010009        170192957705     
0010001300034U 090000000000000000000000000000000000000000000000000000000000000000000000000000000000000000000000000000000000000000000000001904201700000000            000000000000000                              000                           
0010001300035T 090180230000001544772 29577050028649793   788888888888889919012017000000000007500001012416888888888888899          0900000000000000000000000000000000000000000000000000000   000000000000000000000010009        170192957705     
0010001300036U 090000000000000000000000000000000000000000000000000000000000000000000000000000000000000000000000000000000000000000000000001904201700000000            000000000000000                              000                           
0010001300037T 090180230000001544772 29577050030015523   788888888888889919012017000000000007500001012416888888888888899          0900000000000000000000000000000000000000000000000000000   000000000000000000000010009        170192957705     
0010001300038U 090000000000000000000000000000000000000000000000000000000000000000000000000000000000000000000000000000000000000000000000001904201700000000            000000000000000                              000                           
0010001300039T 090180230000001544772 29577050030158446   788888888888889919012017000000000007500001012408888888888888899          0900000000000000000000000000000000000000000000000000000   000000000000000000000010009        170192957705     
0010001300040U 090000000000000000000000000000000000000000000000000000000000000000000000000000000000000000000000000000000000000000000000001904201700000000            000000000000000                              000                           
0010001300041T 090180230000001544772 29577050030529804   788888888888889919012017000000000007500001000213888888888888899          0900000000000000000000000000000000000000000000000000000   000000000000000000000010009        170192957705     
0010001300042U 090000000000000000000000000000000000000000000000000000000000000000000000000000000000000000000000000000000000000000000000001904201700000000            000000000000000                              000                           
0010001300043T 090180230000001544772 29577050030558508   788888888888889919012017000000000007500001000213888888888888899          0900000000000000000000000000000000000000000000000000000   000000000000000000000010009        170192957705     
0010001300044U 090000000000000000000000000000000000000000000000000000000000000000000000000000000000000000000000000000000000000000000000001904201700000000            000000000000000                              000                           
0010001300045T 090180230000001544772 29577050030906228   788888888888889919012017000000000007500001012408888888888888899          0900000000000000000000000000000000000000000000000000000   000000000000000000000010009        170192957705     
0010001300046U 090000000000000000000000000000000000000000000000000000000000000000000000000000000000000000000000000000000000000000000000001904201700000000            000000000000000                              000                           
0010001300047T 090180230000001544772 29577050031042676   788888888888889919012017000000000007500001012408888888888888899          0900000000000000000000000000000000000000000000000000000   000000000000000000000010009        170192957705     
0010001300048U 090000000000000000000000000000000000000000000000000000000000000000000000000000000000000000000000000000000000000000000000001904201700000000            000000000000000                              000                           
0010001300049T 090180230000001544772 29577050031120998   788888888888889919012017000000000007500001012416888888888888899          0900000000000000000000000000000000000000000000000000000   000000000000000000000010009        170192957705     
0010001300050U 090000000000000000000000000000000000000000000000000000000000000000000000000000000000000000000000000000000000000000000000001904201700000000            000000000000000                              000                           
0010001300051T 090180230000001544772 29577050031506608   788888888888889919012017000000000007500001012416888888888888899          0900000000000000000000000000000000000000000000000000000   000000000000000000000010009        170192957705     
0010001300052U 090000000000000000000000000000000000000000000000000000000000000000000000000000000000000000000000000000000000000000000000001904201700000000            000000000000000                              000                           
0010001300053T 090180230000001544772 29577050032929506   788888888888889919012017000000000007500001000213888888888888899          0900000000000000000000000000000000000000000000000000000   000000000000000000000010009        170192957705     
0010001300054U 090000000000000000000000000000000000000000000000000000000000000000000000000000000000000000000000000000000000000000000000001904201700000000            000000000000000                              000                           
0010001300055T 090180230000001544772 29577050032944643   788888888888889919012017000000000007500001000213888888888888899          0900000000000000000000000000000000000000000000000000000   000000000000000000000010009        170192957705     
0010001300056U 090000000000000000000000000000000000000000000000000000000000000000000000000000000000000000000000000000000000000000000000001904201700000000            000000000000000                              000                           
0010001300057T 090180230000001544772 29577050033634181   788888888888889919012017000000000007500001000213888888888888899          0900000000000000000000000000000000000000000000000000000   000000000000000000000010009        170192957705     
0010001300058U 090000000000000000000000000000000000000000000000000000000000000000000000000000000000000000000000000000000000000000000000001904201700000000            000000000000000                              000                           
0010001300059T 090180230000001544772 29577050034013330   788888888888889919012017000000000007500001012408888888888888899          0900000000000000000000000000000000000000000000000000000   000000000000000000000010009        170192957705     
0010001300060U 090000000000000000000000000000000000000000000000000000000000000000000000000000000000000000000000000000000000000000000000001904201700000000            000000000000000                              000                           
0010001300061T 090180230000001544772 29577050035402337   788888888888889919012017000000000007500001000213888888888888899          0900000000000000000000000000000000000000000000000000000   000000000000000000000010009        170192957705     
0010001300062U 090000000000000000000000000000000000000000000000000000000000000000000000000000000000000000000000000000000000000000000000001904201700000000            000000000000000                              000                           
0010001300063T 090180230000001544772 29577050036127495   788888888888889919012017000000000007500001000213888888888888899          0900000000000000000000000000000000000000000000000000000   000000000000000000000010009        170192957705     
0010001300064U 090000000000000000000000000000000000000000000000000000000000000000000000000000000000000000000000000000000000000000000000001904201700000000            000000000000000                              000                           
0010001300065T 090180230000001544772 29577050036704898   78888888888888991901201700000000000750000103049X888888888888899          0900000000000000000000000000000000000000000000000000000   000000000000000000000010009        170192957705     
0010001300066U 090000000000000000000000000000000000000000000000000000000000000000000000000000000000000000000000000000000000000000000000001904201700000000            000000000000000                              000                           
0010001300067T 090180230000001544772 29577050037429947   788888888888889919012017000000000007500001012408888888888888899          0900000000000000000000000000000000000000000000000000000   000000000000000000000010009        170192957705     
0010001300068U 090000000000000000000000000000000000000000000000000000000000000000000000000000000000000000000000000000000000000000000000001904201700000000            000000000000000                              000                           
0010001300069T 090180230000001544772 29577050047541694   788888888888889919012017000000000007500001000213888888888888899          0900000000000000000000000000000000000000000000000000000   000000000000000000000010009        170192957705     
0010001300070U 090000000000000000000000000000000000000000000000000000000000000000000000000000000000000000000000000000000000000000000000001904201700000000            000000000000000                              000                           
0010001300071T 090180230000001544772 29577050122520458   788888888888889919012017000000000007500001012408888888888888899          0900000000000000000000000000000000000000000000000000000   000000000000000000000010009        170192957705     
0010001300072U 090000000000000000000000000000000000000000000000000000000000000000000000000000000000000000000000000000000000000000000000001904201700000000            000000000000000                              000                           
0010001300073T 090180230000001544772 29577050139244477   788888888888889919012017000000000007500001012416888888888888899          0900000000000000000000000000000000000000000000000000000   000000000000000000000010009        170192957705     
0010001300074U 090000000000000000000000000000000000000000000000000000000000000000000000000000000000000000000000000000000000000000000000001904201700000000            000000000000000                              000                           
0010001300075T 090180230000001544772 29577050145759075   788888888888889919012017000000000007500001012416888888888888899          0900000000000000000000000000000000000000000000000000000   000000000000000000000010009        170192957705     
0010001300076U 090000000000000000000000000000000000000000000000000000000000000000000000000000000000000000000000000000000000000000000000001904201700000000            000000000000000                              000                           
0010001300077T 090180230000001544772 29577050149200195   788888888888889919012017000000000007500001000213888888888888899          0900000000000000000000000000000000000000000000000000000   000000000000000000000010009        170192957705     
0010001300078U 090000000000000000000000000000000000000000000000000000000000000000000000000000000000000000000000000000000000000000000000001904201700000000            000000000000000                              000                           
0010001300079T 090180230000001544772 29577050149214009   788888888888889919012017000000000007500001000213888888888888899          0900000000000000000000000000000000000000000000000000000   000000000000000000000010009        170192957705     
0010001300080U 090000000000000000000000000000000000000000000000000000000000000000000000000000000000000000000000000000000000000000000000001904201700000000            000000000000000                              000                           
0010001300081T 090180230000001544772 29577050149238688   788888888888889919012017000000000007500001000213888888888888899          0900000000000000000000000000000000000000000000000000000   000000000000000000000010009        170192957705     
0010001300082U 090000000000000000000000000000000000000000000000000000000000000000000000000000000000000000000000000000000000000000000000001904201700000000            000000000000000                              000                           
0010001300083T 090180230000001544772 29577050156808608   788888888888889919012017000000000007500001000213888888888888899          0900000000000000000000000000000000000000000000000000000   000000000000000000000010009        170192957705     
0010001300084U 090000000000000000000000000000000000000000000000000000000000000000000000000000000000000000000000000000000000000000000000001904201700000000            000000000000000                              000                           
0010001300085T 090180230000001544772 29577050162113868   788888888888889919012017000000000007500001012408888888888888899          0900000000000000000000000000000000000000000000000000000   000000000000000000000010009        170192957705     
0010001300086U 090000000000000000000000000000000000000000000000000000000000000000000000000000000000000000000000000000000000000000000000001904201700000000            000000000000000                              000                           
0010001300087T 090180230000001544772 29577050162144806   788888888888889919012017000000000007500001012408888888888888899          0900000000000000000000000000000000000000000000000000000   000000000000000000000010009        170192957705     
0010001300088U 090000000000000000000000000000000000000000000000000000000000000000000000000000000000000000000000000000000000000000000000001904201700000000            000000000000000                              000                           
0010001300089T 090180230000001544772 29577050174500815   788888888888889919012017000000000007500001000213888888888888899          0900000000000000000000000000000000000000000000000000000   000000000000000000000010009        170192957705     
0010001300090U 090000000000000000000000000000000000000000000000000000000000000000000000000000000000000000000000000000000000000000000000001904201700000000            000000000000000                              000                           
0010001300091T 090180230000001544772 29577050174503877   788888888888889919012017000000000007500001000213888888888888899          0900000000000000000000000000000000000000000000000000000   000000000000000000000010009        170192957705     
0010001300092U 090000000000000000000000000000000000000000000000000000000000000000000000000000000000000000000000000000000000000000000000001904201700000000            000000000000000                              000                           
0010001300093T 090180230000001544772 29577050182920762   788888888888889919012017000000000010000001012408888888888888899          0900000000000000000000000000000000000000000000000000000   000000000000000000000010009        170192957705     
0010001300094U 090000000000000000000000000000000000000000000000000000000000000000000000000000000000000000000000000000000000000000000000001904201700000000            000000000000000                              000                           
0010001300095T 090180230000001544772 29577050225444932   788888888888889919012017000000000010000001012416888888888888899          0900000000000000000000000000000000000000000000000000000   000000000000000000000010009        170192957705     
0010001300096U 090000000000000000000000000000000000000000000000000000000000000000000000000000000000000000000000000000000000000000000000001904201700000000            000000000000000                              000                           
0010001300097T 090180230000001544772 29577050253534073   788888888888889919012017000000000007500001028029888888888888899          0900000000000000000000000000000000000000000000000000000   000000000000000000000010009        170192957705     
0010001300098U 090000000000000000000000000000000000000000000000000000000000000000000000000000000000000000000000000000000000000000000000001904201700000000            000000000000000                              000                           
0010001300099T 090180230000001544772 29577050261148898   788888888888889919012017000000000010000001032077888888888888899          0900000000000000000000000000000000000000000000000000000   000000000000000000000010009        170192957705     
0010001300100U 090000000000000000000000000000000000000000000000000000000000000000000000000000000000000000000000000000000000000000000000001904201700000000            000000000000000                              000                           
0010001300101T 090180230000001544772 29577050261156542   788888888888889919012017000000000010000001032077888888888888899          0900000000000000000000000000000000000000000000000000000   000000000000000000000010009        170192957705     
0010001300102U 090000000000000000000000000000000000000000000000000000000000000000000000000000000000000000000000000000000000000000000000001904201700000000            000000000000000                              000                           
0010001300103T 090180230000001544772 29577050261240587   788888888888889919012017000000000007500001000833888888888888899          0900000000000000000000000000000000000000000000000000000   000000000000000000000010009        170192957705     
0010001300104U 090000000000000000000000000000000000000000000000000000000000000000000000000000000000000000000000000000000000000000000000001904201700000000            000000000000000                              000                           
0010001300105T 090180230000001544772 29577050261309372   788888888888889919012017000000000007500001000213888888888888899          0900000000000000000000000000000000000000000000000000000   000000000000000000000010009        170192957705     
0010001300106U 090000000000000000000000000000000000000000000000000000000000000000000000000000000000000000000000000000000000000000000000001904201700000000            000000000000000                              000                           
0010001300107T 090180230000001544772 29577050261408241   788888888888889919012017000000000007500001012408888888888888899          0900000000000000000000000000000000000000000000000000000   000000000000000000000010009        170192957705     
0010001300108U 090000000000000000000000000000000000000000000000000000000000000000000000000000000000000000000000000000000000000000000000001904201700000000            000000000000000                              000                           
0010001300109T 090180230000001544772 29577050261458004   788888888888889919012017000000000007500001012408888888888888899          0900000000000000000000000000000000000000000000000000000   000000000000000000000010009        170192957705     
0010001300110U 090000000000000000000000000000000000000000000000000000000000000000000000000000000000000000000000000000000000000000000000001904201700000000            000000000000000                              000                           
0010001300111T 090180230000001544772 29577050261521707   788888888888889919012017000000000007500001012408888888888888899          0900000000000000000000000000000000000000000000000000000   000000000000000000000010009        170192957705     
0010001300112U 090000000000000000000000000000000000000000000000000000000000000000000000000000000000000000000000000000000000000000000000001904201700000000            000000000000000                              000                           
0010001300113T 090180230000001544772 29577050261701151   788888888888889919012017000000000007500001002224888888888888899          0900000000000000000000000000000000000000000000000000000   000000000000000000000010009        170192957705     
0010001300114U 090000000000000000000000000000000000000000000000000000000000000000000000000000000000000000000000000000000000000000000000001904201700000000            000000000000000                              000                           
0010001300115T 090180230000001544772 29577050261713085   788888888888889919012017000000000007500001002224888888888888899          0900000000000000000000000000000000000000000000000000000   000000000000000000000010009        170192957705     
0010001300116U 090000000000000000000000000000000000000000000000000000000000000000000000000000000000000000000000000000000000000000000000001904201700000000            000000000000000                              000                           
0010001300117T 090180230000001544772 29577050261841774   788888888888889919012017000000000007500001012416888888888888899          0900000000000000000000000000000000000000000000000000000   000000000000000000000010009        170192957705     
0010001300118U 090000000000000000000000000000000000000000000000000000000000000000000000000000000000000000000000000000000000000000000000001904201700000000            000000000000000                              000                           
0010001300119T 090180230000001544772 29577050262054395   78888888888888991901201700000000000750000103049X888888888888899          0900000000000000000000000000000000000000000000000000000   000000000000000000000010009        170192957705     
0010001300120U 090000000000000000000000000000000000000000000000000000000000000000000000000000000000000000000000000000000000000000000000001904201700000000            000000000000000                              000                           
0010001300121T 090180230000001544772 29577050262128243   788888888888889919012017000000000007500001012408888888888888899          0900000000000000000000000000000000000000000000000000000   000000000000000000000010009        170192957705     
0010001300122U 090000000000000000000000000000000000000000000000000000000000000000000000000000000000000000000000000000000000000000000000001904201700000000            000000000000000                              000                           
0010001300123T 090180230000001544772 29577050262215326   78888888888888991901201700000000000750000103049X888888888888899          0900000000000000000000000000000000000000000000000000000   000000000000000000000010009        170192957705     
0010001300124U 090000000000000000000000000000000000000000000000000000000000000000000000000000000000000000000000000000000000000000000000001904201700000000            000000000000000                              000                           
0010001300125T 090180230000001544772 29577050262353318   78888888888888991901201700000000000750000103049X888888888888899          0900000000000000000000000000000000000000000000000000000   000000000000000000000010009        170192957705     
0010001300126U 090000000000000000000000000000000000000000000000000000000000000000000000000000000000000000000000000000000000000000000000001904201700000000            000000000000000                              000                           
0010001300127T 090180230000001544772 29577050262424526   788888888888889919012017000000000007500001012408888888888888899          0900000000000000000000000000000000000000000000000000000   000000000000000000000010009        170192957705     
0010001300128U 090000000000000000000000000000000000000000000000000000000000000000000000000000000000000000000000000000000000000000000000001904201700000000            000000000000000                              000                           
0010001300129T 090180230000001544772 29577050262519628   788888888888889919012017000000000007500001012416888888888888899          0900000000000000000000000000000000000000000000000000000   000000000000000000000010009        170192957705     
0010001300130U 090000000000000000000000000000000000000000000000000000000000000000000000000000000000000000000000000000000000000000000000001904201700000000            000000000000000                              000                           
0010001300131T 090180230000001544772 29577050262833666   78888888888888991901201700000000000750000100829X888888888888899          0900000000000000000000000000000000000000000000000000000   000000000000000000000010009        170192957705     
0010001300132U 090000000000000000000000000000000000000000000000000000000000000000000000000000000000000000000000000000000000000000000000001904201700000000            000000000000000                              000                           
0010001300133T 090180230000001544772 29577050262926319   788888888888889919012017000000000007500001000213888888888888899          0900000000000000000000000000000000000000000000000000000   000000000000000000000010009        170192957705     
0010001300134U 090000000000000000000000000000000000000000000000000000000000000000000000000000000000000000000000000000000000000000000000001904201700000000            000000000000000                              000                           
0010001300135T 090180230000001544772 29577050263008045   788888888888889919012017000000000007500001021121888888888888899          0900000000000000000000000000000000000000000000000000000   000000000000000000000010009        170192957705     
0010001300136U 090000000000000000000000000000000000000000000000000000000000000000000000000000000000000000000000000000000000000000000000001904201700000000            000000000000000                              000                           
0010001300137T 090180230000001544772 29577050263018817   788888888888889919012017000000000007500001021121888888888888899          0900000000000000000000000000000000000000000000000000000   000000000000000000000010009        170192957705     
0010001300138U 090000000000000000000000000000000000000000000000000000000000000000000000000000000000000000000000000000000000000000000000001904201700000000            000000000000000                              000                           
0010001300139T 090180230000001544772 29577050263020274   788888888888889919012017000000000007500001021121888888888888899          0900000000000000000000000000000000000000000000000000000   000000000000000000000010009        170192957705     
0010001300140U 090000000000000000000000000000000000000000000000000000000000000000000000000000000000000000000000000000000000000000000000001904201700000000            000000000000000                              000                           
0010001300141T 090180230000001544772 29577050263105593   78888888888888991901201700000000000750000103049X888888888888899          0900000000000000000000000000000000000000000000000000000   000000000000000000000010009        170192957705     
0010001300142U 090000000000000000000000000000000000000000000000000000000000000000000000000000000000000000000000000000000000000000000000001904201700000000            000000000000000                              000                           
0010001300143T 090180230000001544772 29577050263257456   788888888888889919012017000000000007500001000213888888888888899          0900000000000000000000000000000000000000000000000000000   000000000000000000000010009        170192957705     
0010001300144U 090000000000000000000000000000000000000000000000000000000000000000000000000000000000000000000000000000000000000000000000001904201700000000            000000000000000                              000                           
0010001300145T 090180230000001544772 29577050263307105   78888888888888991901201700000000000750000103049X888888888888899          0900000000000000000000000000000000000000000000000000000   000000000000000000000010009        170192957705     
0010001300146U 090000000000000000000000000000000000000000000000000000000000000000000000000000000000000000000000000000000000000000000000001904201700000000            000000000000000                              000                           
0010001300147T 090180230000001544772 29577050263549620   78888888888888991901201700000000000750000103049X888888888888899          0900000000000000000000000000000000000000000000000000000   000000000000000000000010009        170192957705     
0010001300148U 090000000000000000000000000000000000000000000000000000000000000000000000000000000000000000000000000000000000000000000000001904201700000000            000000000000000                              000                           
0010001300149T 090180230000001544772 29577050263744533   788888888888889919012017000000000007500001012408888888888888899          0900000000000000000000000000000000000000000000000000000   000000000000000000000010009        170192957705     
0010001300150U 090000000000000000000000000000000000000000000000000000000000000000000000000000000000000000000000000000000000000000000000001904201700000000            000000000000000                              000                           
0010001300151T 090180230000001544772 29577050263901379   788888888888889919012017000000000007500001021121888888888888899          0900000000000000000000000000000000000000000000000000000   000000000000000000000010009        170192957705     
0010001300152U 090000000000000000000000000000000000000000000000000000000000000000000000000000000000000000000000000000000000000000000000001904201700000000            000000000000000                              000                           
0010001300153T 090180230000001544772 29577050264017530   788888888888889919012017000000000007500001000213888888888888899          0900000000000000000000000000000000000000000000000000000   000000000000000000000010009        170192957705     
0010001300154U 090000000000000000000000000000000000000000000000000000000000000000000000000000000000000000000000000000000000000000000000001904201700000000            000000000000000                              000                           
0010001300155T 090180230000001544772 29577050264211015   788888888888889919012017000000000007500001000213888888888888899          0900000000000000000000000000000000000000000000000000000   000000000000000000000010009        170192957705     
0010001300156U 090000000000000000000000000000000000000000000000000000000000000000000000000000000000000000000000000000000000000000000000001904201700000000            000000000000000                              000                           
0010001300157T 090180230000001544772 29577050264357330   788888888888889919012017000000000007500001000213888888888888899          0900000000000000000000000000000000000000000000000000000   000000000000000000000010009        170192957705     
0010001300158U 090000000000000000000000000000000000000000000000000000000000000000000000000000000000000000000000000000000000000000000000001904201700000000            000000000000000                              000                           
0010001300159T 090180230000001544772 29577050264505828   788888888888889919012017000000000007500001000213888888888888899          0900000000000000000000000000000000000000000000000000000   000000000000000000000010009        170192957705     
0010001300160U 090000000000000000000000000000000000000000000000000000000000000000000000000000000000000000000000000000000000000000000000001904201700000000            000000000000000                              000                           
0010001300161T 090180230000001544772 29577050264606278   788888888888889919012017000000000007500001000213888888888888899          0900000000000000000000000000000000000000000000000000000   000000000000000000000010009        170192957705     
0010001300162U 090000000000000000000000000000000000000000000000000000000000000000000000000000000000000000000000000000000000000000000000001904201700000000            000000000000000                              000                           
0010001300163T 090180230000001544772 29577050264700727   788888888888889919012017000000000007500001012408888888888888899          0900000000000000000000000000000000000000000000000000000   000000000000000000000010009        170192957705     
0010001300164U 090000000000000000000000000000000000000000000000000000000000000000000000000000000000000000000000000000000000000000000000001904201700000000            000000000000000                              000                           
0010001300165T 090180230000001544772 29577050264950387   788888888888889919012017000000000007500001002224888888888888899          0900000000000000000000000000000000000000000000000000000   000000000000000000000010009        170192957705     
0010001300166U 090000000000000000000000000000000000000000000000000000000000000000000000000000000000000000000000000000000000000000000000001904201700000000            000000000000000                              000                           
0010001300167T 090180230000001544772 29577050264950431   788888888888889919012017000000000007500001002224888888888888899          0900000000000000000000000000000000000000000000000000000   000000000000000000000010009        170192957705     
0010001300168U 090000000000000000000000000000000000000000000000000000000000000000000000000000000000000000000000000000000000000000000000001904201700000000            000000000000000                              000                           
0010001300169T 090180230000001544772 29577050264950963   788888888888889919012017000000000007500001002224888888888888899          0900000000000000000000000000000000000000000000000000000   000000000000000000000010009        170192957705     
0010001300170U 090000000000000000000000000000000000000000000000000000000000000000000000000000000000000000000000000000000000000000000000001904201700000000            000000000000000                              000                           
0010001300171T 090180230000001544772 29577050265001734   788888888888889919012017000000000007500001012408888888888888899          0900000000000000000000000000000000000000000000000000000   000000000000000000000010009        170192957705     
0010001300172U 090000000000000000000000000000000000000000000000000000000000000000000000000000000000000000000000000000000000000000000000001904201700000000            000000000000000                              000                           
0010001300173T 090180230000001544772 29577050265132594   788888888888889919012017000000000007500001012408888888888888899          0900000000000000000000000000000000000000000000000000000   000000000000000000000010009        170192957705     
0010001300174U 090000000000000000000000000000000000000000000000000000000000000000000000000000000000000000000000000000000000000000000000001904201700000000            000000000000000                              000                           
0010001300175T 090180230000001544772 29577050265249444   788888888888889919012017000000000007500001012408888888888888899          0900000000000000000000000000000000000000000000000000000   000000000000000000000010009        170192957705     
0010001300176U 090000000000000000000000000000000000000000000000000000000000000000000000000000000000000000000000000000000000000000000000001904201700000000            000000000000000                              000                           
0010001300177T 090180230000001544772 29577050265307207   78888888888888991901201700000000000750000103049X888888888888899          0900000000000000000000000000000000000000000000000000000   000000000000000000000010009        170192957705     
0010001300178U 090000000000000000000000000000000000000000000000000000000000000000000000000000000000000000000000000000000000000000000000001904201700000000            000000000000000                              000                           
0010001300179T 090180230000001544772 29577050265826906   788888888888889919012017000000000007500001000833888888888888899          0900000000000000000000000000000000000000000000000000000   000000000000000000000010009        170192957705     
0010001300180U 090000000000000000000000000000000000000000000000000000000000000000000000000000000000000000000000000000000000000000000000001904201700000000            000000000000000                              000                           
0010001300181T 280180230000001544772 29577050095128861   7               18022017000000000007500001000000                         0900000000000000000000000000000000000000000000000000000   000000000000000000000005002        170192957705     
0010001300182U 280000000000000000000000000000000000000000000000000000000000000000000000000000000000000000000000000000000000000000000000001904201700000000            000000000000000                              000                           
0010001300183T 280180230000001544772 29577050096148773   7               18022017000000000007500001000000                         0900000000000000000000000000000000000000000000000000000   000000000000000000000005002        170192957705     
0010001300184U 280000000000000000000000000000000000000000000000000000000000000000000000000000000000000000000000000000000000000000000000001904201700000000            000000000000000                              000                           
0010001300185T 280180230000001544772 29577050100110546   7               18022017000000000007500001000000                         0900000000000000000000000000000000000000000000000000000   000000000000000000000005002        170192957705     
0010001300186U 280000000000000000000000000000000000000000000000000000000000000000000000000000000000000000000000000000000000000000000000001904201700000000            000000000000000                              000                           
0010001300187T 280180230000001544772 29577050104141501   7               18022017000000000007500001000000                         0900000000000000000000000000000000000000000000000000000   000000000000000000000005002        170192957705     
0010001300188U 280000000000000000000000000000000000000000000000000000000000000000000000000000000000000000000000000000000000000000000000001904201700000000            000000000000000                              000                           
0010001300189T 280180230000001544772 29577050151310676   7               18022017000000000007500001000000                         0900000000000000000000000000000000000000000000000000000   000000000000000000000005002        170192957705     
0010001300190U 280000000000000000000000000000000000000000000000000000000000000000000000000000000000000000000000000000000000000000000000001904201700000000            000000000000000                              000                           
0010001300191T 280180230000001544772 29577050151322033   7               18022017000000000007500001000000                         0900000000000000000000000000000000000000000000000000000   000000000000000000000005002        170192957705     
0010001300192U 280000000000000000000000000000000000000000000000000000000000000000000000000000000000000000000000000000000000000000000000001904201700000000            000000000000000                              000                           
0010001300193T 280180230000001544772 29577050151426733   7               18022017000000000007500001000000                         0900000000000000000000000000000000000000000000000000000   000000000000000000000005002        170192957705     
0010001300194U 280000000000000000000000000000000000000000000000000000000000000000000000000000000000000000000000000000000000000000000000001904201700000000            000000000000000                              000                           
0010001300195T 280180230000001544772 29577050188656050   7               18022017000000000007500001000000                         0900000000000000000000000000000000000000000000000000000   000000000000000000000005002        170192957705     
0010001300196U 280000000000000000000000000000000000000000000000000000000000000000000000000000000000000000000000000000000000000000000000001904201700000000            000000000000000                              000                           
0010001300197T 280180230000001544772 29577050223629923   7               18022017000000000007500001000000                         0900000000000000000000000000000000000000000000000000000   000000000000000000000005002        170192957705     
0010001300198U 280000000000000000000000000000000000000000000000000000000000000000000000000000000000000000000000000000000000000000000000001904201700000000            000000000000000                              000                           
0010001300199T 280180230000001544772 29577050227422154   7               20032017000000000007500001000000                         0900000000000000000000000000000000000000000000000000000   000000000000000000000005002        170192957705     
0010001300200U 280000000000000000000000000000000000000000000000000000000000000000000000000000000000000000000000000000000000000000000000001904201700000000            000000000000000                              000                           
0010001300201T 280180230000001544772 29577050264902027   7               18022017000000000007500001000000                         0900000000000000000000000000000000000000000000000000000   000000000000000000000005002        170192957705     
0010001300202U 280000000000000000000000000000000000000000000000000000000000000000000000000000000000000000000000000000000000000000000000001904201700000000            000000000000000                              000                           
0010001300203T 280180230000001544772 29577050319355889   7               18022017000000000007500001000000                         0900000000000000000000000000000000000000000000000000000   000000000000000000000005002        170192957705     
0010001300204U 280000000000000000000000000000000000000000000000000000000000000000000000000000000000000000000000000000000000000000000000001904201700000000            000000000000000                              000                           
0010001300205T 280180230000001544772 29577050335552477   7               18022017000000000007500001000000                         0900000000000000000000000000000000000000000000000000000   000000000000000000000005002        170192957705     
0010001300206U 280000000000000000000000000000000000000000000000000000000000000000000000000000000000000000000000000000000000000000000000001904201700000000            000000000000000                              000                           
0010001300207T 280180230000001544772 29577050335639980   7               18022017000000000007500001000000                         0900000000000000000000000000000000000000000000000000000   000000000000000000000005002        170192957705     
0010001300208U 280000000000000000000000000000000000000000000000000000000000000000000000000000000000000000000000000000000000000000000000001904201700000000            000000000000000                              000                           
0010001300209T 280180230000001544772 29577050335658285   7               18022017000000000007500001000000                         0900000000000000000000000000000000000000000000000000000   000000000000000000000005002        170192957705     
0010001300210U 280000000000000000000000000000000000000000000000000000000000000000000000000000000000000000000000000000000000000000000000001904201700000000            000000000000000                              000                           
0010001300211T 280180230000001544772 29577050380125079   7               18022017000000000007500001000000                         0900000000000000000000000000000000000000000000000000000   000000000000000000000005002        170192957705     
0010001300212U 280000000000000000000000000000000000000000000000000000000000000000000000000000000000000000000000000000000000000000000000001904201700000000            000000000000000                              000                           
0010001300213T 280180230000001544772 29577050383548049   7               18022017000000000007500001000000                         0900000000000000000000000000000000000000000000000000000   000000000000000000000005002        170192957705     
0010001300214U 280000000000000000000000000000000000000000000000000000000000000000000000000000000000000000000000000000000000000000000000001904201700000000            000000000000000                              000                           
0010001300215T 280180230000001544772 29577050383551690   7               18022017000000000007500001000000                         0900000000000000000000000000000000000000000000000000000   000000000000000000000005002        170192957705     
0010001300216U 280000000000000000000000000000000000000000000000000000000000000000000000000000000000000000000000000000000000000000000000001904201700000000            000000000000000                              000                           
0010001300217T 280180230000001544772 29577050409520510   7               18022017000000000007500001000000                         0900000000000000000000000000000000000000000000000000000   000000000000000000000005002        170192957705     
0010001300218U 280000000000000000000000000000000000000000000000000000000000000000000000000000000000000000000000000000000000000000000000001904201700000000            000000000000000                              000                           
0010001300219T 280180230000001544772 29577050459859720   7               18022017000000000007500001000000                         0900000000000000000000000000000000000000000000000000000   000000000000000000000005002        170192957705     
0010001300220U 280000000000000000000000000000000000000000000000000000000000000000000000000000000000000000000000000000000000000000000000001904201700000000            000000000000000                              000                           
0010001300221T 280180230000001544772 29577050471712307   7               18022017000000000010000001000000                         0900000000000000000000000000000000000000000000000000000   000000000000000000000005002        170192957705     
0010001300222U 280000000000000000000000000000000000000000000000000000000000000000000000000000000000000000000000000000000000000000000000001904201700000000            000000000000000                              000                           
0010001300223T 280180230000001544772 29577050471719586   7               18022017000000000010000001000000                         0900000000000000000000000000000000000000000000000000000   000000000000000000000005002        170192957705     
0010001300224U 280000000000000000000000000000000000000000000000000000000000000000000000000000000000000000000000000000000000000000000000001904201700000000            000000000000000                              000                           
0010001300225T 280180230000001544772 29577050474303593   7               18022017000000000007500001000000                         0900000000000000000000000000000000000000000000000000000   000000000000000000000005002        170192957705     
0010001300226U 280000000000000000000000000000000000000000000000000000000000000000000000000000000000000000000000000000000000000000000000001904201700000000            000000000000000                              000                           
0010001300227T 280180230000001544772 29577050476526310   7               18022017000000000007500001000000                         0900000000000000000000000000000000000000000000000000000   000000000000000000000005002        170192957705     
0010001300228U 280000000000000000000000000000000000000000000000000000000000000000000000000000000000000000000000000000000000000000000000001904201700000000            000000000000000                              000                           
0010001300229T 280180230000001544772 29577050480315523   7               18022017000000000007500001000000                         0900000000000000000000000000000000000000000000000000000   000000000000000000000005002        170192957705     
0010001300230U 280000000000000000000000000000000000000000000000000000000000000000000000000000000000000000000000000000000000000000000000001904201700000000            000000000000000                              000                           
0010001300231T 280180230000001544772 29577050490437284   7               18022017000000000007500001000000                         0900000000000000000000000000000000000000000000000000000   000000000000000000000005002        170192957705     
0010001300232U 280000000000000000000000000000000000000000000000000000000000000000000000000000000000000000000000000000000000000000000000001904201700000000            000000000000000                              000                           
0010001300233T 280180230000001544772 29577050494629742   7               20032017000000000007500001000000                         0900000000000000000000000000000000000000000000000000000   000000000000000000000005002        170192957705     
0010001300234U 280000000000000000000000000000000000000000000000000000000000000000000000000000000000000000000000000000000000000000000000001904201700000000            000000000000000                              000                           
0010001300235T 280180230000001544772 29577050497250840   7               18022017000000000007500001000000                         0900000000000000000000000000000000000000000000000000000   000000000000000000000005002        170192957705     
0010001300236U 280000000000000000000000000000000000000000000000000000000000000000000000000000000000000000000000000000000000000000000000001904201700000000            000000000000000                              000                           
0010001300237T 280180230000001544772 29577050497444704   7               18022017000000000007500001000000                         0900000000000000000000000000000000000000000000000000000   000000000000000000000005002        170192957705     
0010001300238U 280000000000000000000000000000000000000000000000000000000000000000000000000000000000000000000000000000000000000000000000001904201700000000            000000000000000                              000                           
0010001300239T 280180230000001544772 29577050503400390   7               18022017000000000007500001000000                         0900000000000000000000000000000000000000000000000000000   000000000000000000000005002        170192957705     
0010001300240U 280000000000000000000000000000000000000000000000000000000000000000000000000000000000000000000000000000000000000000000000001904201700000000            000000000000000                              000                           
0010001300241T 280180230000001544772 29577050510602929   7               18022017000000000007500001000000                         0900000000000000000000000000000000000000000000000000000   000000000000000000000005002        170192957705     
0010001300242U 280000000000000000000000000000000000000000000000000000000000000000000000000000000000000000000000000000000000000000000000001904201700000000            000000000000000                              000                           
0010001300243T 280180230000001544772 29577050510603034   7               18022017000000000007500001000000                         0900000000000000000000000000000000000000000000000000000   000000000000000000000005002        170192957705     
0010001300244U 280000000000000000000000000000000000000000000000000000000000000000000000000000000000000000000000000000000000000000000000001904201700000000            000000000000000                              000                           
0010001300245T 280180230000001544772 29577050527808768   7               18022017000000000007500001000000                         0900000000000000000000000000000000000000000000000000000   000000000000000000000005002        170192957705     
0010001300246U 280000000000000000000000000000000000000000000000000000000000000000000000000000000000000000000000000000000000000000000000001904201700000000            000000000000000                              000                           
0010001300247T 280180230000001544772 29577050527843599   7               18022017000000000007500001000000                         0900000000000000000000000000000000000000000000000000000   000000000000000000000005002        170192957705     
0010001300248U 280000000000000000000000000000000000000000000000000000000000000000000000000000000000000000000000000000000000000000000000001904201700000000            000000000000000                              000                           
0010001300249T 280180230000001544772 29577050612805060   7               18022017000000000007500001000000                         0900000000000000000000000000000000000000000000000000000   000000000000000000000005002        170192957705     
0010001300250U 280000000000000000000000000000000000000000000000000000000000000000000000000000000000000000000000000000000000000000000000001904201700000000            000000000000000                              000                           
0010001300251T 280180230000001544772 29577050612834264   7               18022017000000000007500001000000                         0900000000000000000000000000000000000000000000000000000   000000000000000000000005002        170192957705     
0010001300252U 280000000000000000000000000000000000000000000000000000000000000000000000000000000000000000000000000000000000000000000000001904201700000000            000000000000000                              000                           
0010001300253T 280180230000001544772 29577050646410777   7               18022017000000000007500001000000                         0900000000000000000000000000000000000000000000000000000   000000000000000000000005002        170192957705     
0010001300254U 280000000000000000000000000000000000000000000000000000000000000000000000000000000000000000000000000000000000000000000000001904201700000000            000000000000000                              000                           
0010001300255T 280180230000001544772 29577050697307665   7               18022017000000000007500001000000                         0900000000000000000000000000000000000000000000000000000   000000000000000000000005002        170192957705     
0010001300256U 280000000000000000000000000000000000000000000000000000000000000000000000000000000000000000000000000000000000000000000000001904201700000000            000000000000000                              000                           
0010001300257T 280180230000001544772 29577050697311389   7               18022017000000000007500001000000                         0900000000000000000000000000000000000000000000000000000   000000000000000000000005002        170192957705     
0010001300258U 280000000000000000000000000000000000000000000000000000000000000000000000000000000000000000000000000000000000000000000000001904201700000000            000000000000000                              000                           
0010001300259T 280180230000001544772 29577050698358924   7               18022017000000000007500001000000                         0900000000000000000000000000000000000000000000000000000   000000000000000000000005002        170192957705     
0010001300260U 280000000000000000000000000000000000000000000000000000000000000000000000000000000000000000000000000000000000000000000000001904201700000000            000000000000000                              000                           
0010001300261T 280180230000001544772 29577050700703760   7               18022017000000000007500001000000                         0900000000000000000000000000000000000000000000000000000   000000000000000000000005002        170192957705     
0010001300262U 280000000000000000000000000000000000000000000000000000000000000000000000000000000000000000000000000000000000000000000000001904201700000000            000000000000000                              000                           
0010001300263T 280180230000001544772 29577050702051100   7               18022017000000000007500001000000                         0900000000000000000000000000000000000000000000000000000   000000000000000000000005002        170192957705     
0010001300264U 280000000000000000000000000000000000000000000000000000000000000000000000000000000000000000000000000000000000000000000000001904201700000000            000000000000000                              000                           
0010001300265T 280180230000001544772 29577050703133452   7               18022017000000000007500001000000                         0900000000000000000000000000000000000000000000000000000   000000000000000000000005002        170192957705     
0010001300266U 280000000000000000000000000000000000000000000000000000000000000000000000000000000000000000000000000000000000000000000000001904201700000000            000000000000000                              000                           
0010001300267T 280180230000001544772 29577050704052010   7               18022017000000000010000001000000                         0900000000000000000000000000000000000000000000000000000   000000000000000000000005002        170192957705     
0010001300268U 280000000000000000000000000000000000000000000000000000000000000000000000000000000000000000000000000000000000000000000000001904201700000000            000000000000000                              000                           
0010001300269T 280180230000001544772 29577050704913526   7               18022017000000000007500001000000                         0900000000000000000000000000000000000000000000000000000   000000000000000000000005002        170192957705     
0010001300270U 280000000000000000000000000000000000000000000000000000000000000000000000000000000000000000000000000000000000000000000000001904201700000000            000000000000000                              000                           
0010001300271T 280180230000001544772 29577050706011815   7               18022017000000000007500001000000                         0900000000000000000000000000000000000000000000000000000   000000000000000000000005002        170192957705     
0010001300272U 280000000000000000000000000000000000000000000000000000000000000000000000000000000000000000000000000000000000000000000000001904201700000000            000000000000000                              000                           
0010001300273T 280180230000001544772 29577050706305656   7               18022017000000000007500001000000                         0900000000000000000000000000000000000000000000000000000   000000000000000000000005002        170192957705     
0010001300274U 280000000000000000000000000000000000000000000000000000000000000000000000000000000000000000000000000000000000000000000000001904201700000000            000000000000000                              000                           
0010001300275T 280180230000001544772 29577050706658049   7               18022017000000000007500001000000                         0900000000000000000000000000000000000000000000000000000   000000000000000000000005002        170192957705     
0010001300276U 280000000000000000000000000000000000000000000000000000000000000000000000000000000000000000000000000000000000000000000000001904201700000000            000000000000000                              000                           
0010001300277T 280180230000001544772 29577050709602997   7               18022017000000000007500001000000                         0900000000000000000000000000000000000000000000000000000   000000000000000000000005002        170192957705     
0010001300278U 280000000000000000000000000000000000000000000000000000000000000000000000000000000000000000000000000000000000000000000000001904201700000000            000000000000000                              000                           
0010001300279T 280180230000001544772 29577050710832550   7               18022017000000000007500001000000                         0900000000000000000000000000000000000000000000000000000   000000000000000000000005002        170192957705     
0010001300280U 280000000000000000000000000000000000000000000000000000000000000000000000000000000000000000000000000000000000000000000000001904201700000000            000000000000000                              000                           
0010001300281T 280180230000001544772 29577050712654579   7               18022017000000000007500001000000                         0900000000000000000000000000000000000000000000000000000   000000000000000000000005002        170192957705     
0010001300282U 280000000000000000000000000000000000000000000000000000000000000000000000000000000000000000000000000000000000000000000000001904201700000000            000000000000000                              000                           
0010001300283T 280180230000001544772 29577050714437748   7               18022017000000000010000001000000                         0900000000000000000000000000000000000000000000000000000   000000000000000000000005002        170192957705     
0010001300284U 280000000000000000000000000000000000000000000000000000000000000000000000000000000000000000000000000000000000000000000000001904201700000000            000000000000000                              000                           
0010001300285T 280180230000001544772 29577050714717857   7               18022017000000000010000001000000                         0900000000000000000000000000000000000000000000000000000   000000000000000000000005002        170192957705     
0010001300286U 280000000000000000000000000000000000000000000000000000000000000000000000000000000000000000000000000000000000000000000000001904201700000000            000000000000000                              000                           
0010001300287T 280180230000001544772 29577050714742399   7               18022017000000000010000001000000                         0900000000000000000000000000000000000000000000000000000   000000000000000000000005002        170192957705     
0010001300288U 280000000000000000000000000000000000000000000000000000000000000000000000000000000000000000000000000000000000000000000000001904201700000000            000000000000000                              000                           
0010001300289T 280180230000001544772 29577050716214515   7               18022017000000000007500001000000                         0900000000000000000000000000000000000000000000000000000   000000000000000000000005002        170192957705     
0010001300290U 280000000000000000000000000000000000000000000000000000000000000000000000000000000000000000000000000000000000000000000000001904201700000000            000000000000000                              000                           
0010001300291T 280180230000001544772 29577050716516161   7               18022017000000000007500001000000                         0900000000000000000000000000000000000000000000000000000   000000000000000000000005002        170192957705     
0010001300292U 280000000000000000000000000000000000000000000000000000000000000000000000000000000000000000000000000000000000000000000000001904201700000000            000000000000000                              000                           
0010001300293T 280180230000001544772 29577050718838206   7               18022017000000000007500001000000                         0900000000000000000000000000000000000000000000000000000   000000000000000000000005002        170192957705     
0010001300294U 280000000000000000000000000000000000000000000000000000000000000000000000000000000000000000000000000000000000000000000000001904201700000000            000000000000000                              000                           
0010001300295T 280180230000001544772 29577050719938172   7               18022017000000000007500001000000                         0900000000000000000000000000000000000000000000000000000   000000000000000000000005002        170192957705     
0010001300296U 280000000000000000000000000000000000000000000000000000000000000000000000000000000000000000000000000000000000000000000000001904201700000000            000000000000000                              000                           
0010001300297T 280180230000001544772 29577050720006444   7               18022017000000000007500001000000                         0900000000000000000000000000000000000000000000000000000   000000000000000000000005002        170192957705     
0010001300298U 280000000000000000000000000000000000000000000000000000000000000000000000000000000000000000000000000000000000000000000000001904201700000000            000000000000000                              000                           
0010001300299T 280180230000001544772 29577050721454759   7               18022017000000000007500001000000                         0900000000000000000000000000000000000000000000000000000   000000000000000000000005002        170192957705     
0010001300300U 280000000000000000000000000000000000000000000000000000000000000000000000000000000000000000000000000000000000000000000000001904201700000000            000000000000000                              000                           
0010001300301T 280180230000001544772 29577050721827592   7               18022017000000000007500001000000                         0900000000000000000000000000000000000000000000000000000   000000000000000000000005002        170192957705     
0010001300302U 280000000000000000000000000000000000000000000000000000000000000000000000000000000000000000000000000000000000000000000000001904201700000000            000000000000000                              000                           
0010001300303T 280180230000001544772 29577050723324307   7               18022017000000000007500001000000                         0900000000000000000000000000000000000000000000000000000   000000000000000000000005002        170192957705     
0010001300304U 280000000000000000000000000000000000000000000000000000000000000000000000000000000000000000000000000000000000000000000000001904201700000000            000000000000000                              000                           
0010001300305T 280180230000001544772 29577050723409905   7               18022017000000000007500001000000                         0900000000000000000000000000000000000000000000000000000   000000000000000000000005002        170192957705     
0010001300306U 280000000000000000000000000000000000000000000000000000000000000000000000000000000000000000000000000000000000000000000000001904201700000000            000000000000000                              000                           
0010001300307T 280180230000001544772 29577050724028309   7               18022017000000000007500001000000                         0900000000000000000000000000000000000000000000000000000   000000000000000000000005002        170192957705     
0010001300308U 280000000000000000000000000000000000000000000000000000000000000000000000000000000000000000000000000000000000000000000000001904201700000000            000000000000000                              000                           
0010001300309T 280180230000001544772 29577050724412905   7               18022017000000000007500001000000                         0900000000000000000000000000000000000000000000000000000   000000000000000000000005002        170192957705     
0010001300310U 280000000000000000000000000000000000000000000000000000000000000000000000000000000000000000000000000000000000000000000000001904201700000000            000000000000000                              000                           
0010001300311T 280180230000001544772 29577050724601461   7               18022017000000000007500001000000                         0900000000000000000000000000000000000000000000000000000   000000000000000000000005002        170192957705     
0010001300312U 280000000000000000000000000000000000000000000000000000000000000000000000000000000000000000000000000000000000000000000000001904201700000000            000000000000000                              000                           
0010001300313T 280180230000001544772 29577050725121461   7               18022017000000000007500001000000                         0900000000000000000000000000000000000000000000000000000   000000000000000000000005002        170192957705     
0010001300314U 280000000000000000000000000000000000000000000000000000000000000000000000000000000000000000000000000000000000000000000000001904201700000000            000000000000000                              000                           
0010001300315T 280180230000001544772 29577050725145730   7               18022017000000000007500001000000                         0900000000000000000000000000000000000000000000000000000   000000000000000000000005002        170192957705     
0010001300316U 280000000000000000000000000000000000000000000000000000000000000000000000000000000000000000000000000000000000000000000000001904201700000000            000000000000000                              000                           
0010001300317T 280180230000001544772 29577050725521126   7               18022017000000000007500001000000                         0900000000000000000000000000000000000000000000000000000   000000000000000000000005002        170192957705     
0010001300318U 280000000000000000000000000000000000000000000000000000000000000000000000000000000000000000000000000000000000000000000000001904201700000000            000000000000000                              000                           
0010001300319T 280180230000001544772 29577050725615750   7               18022017000000000007500001000000                         0900000000000000000000000000000000000000000000000000000   000000000000000000000005002        170192957705     
0010001300320U 280000000000000000000000000000000000000000000000000000000000000000000000000000000000000000000000000000000000000000000000001904201700000000            000000000000000                              000                           
0010001300321T 280180230000001544772 29577050725714321   7               18022017000000000007500001000000                         0900000000000000000000000000000000000000000000000000000   000000000000000000000005002        170192957705     
0010001300322U 280000000000000000000000000000000000000000000000000000000000000000000000000000000000000000000000000000000000000000000000001904201700000000            000000000000000                              000                           
0010001300323T 280180230000001544772 29577050726715668   7               18022017000000000007500001000000                         0900000000000000000000000000000000000000000000000000000   000000000000000000000005002        170192957705     
0010001300324U 280000000000000000000000000000000000000000000000000000000000000000000000000000000000000000000000000000000000000000000000001904201700000000            000000000000000                              000                           
0010001300325T 280180230000001544772 29577050727410727   7               18022017000000000007500001000000                         0900000000000000000000000000000000000000000000000000000   000000000000000000000005002        170192957705     
0010001300326U 280000000000000000000000000000000000000000000000000000000000000000000000000000000000000000000000000000000000000000000000001904201700000000            000000000000000                              000                           
0010001300327T 280180230000001544772 29577050727722651   7               18022017000000000007500001000000                         0900000000000000000000000000000000000000000000000000000   000000000000000000000005002        170192957705     
0010001300328U 280000000000000000000000000000000000000000000000000000000000000000000000000000000000000000000000000000000000000000000000001904201700000000            000000000000000                              000                           
0010001300329T 280180230000001544772 29577050729843838   7               18022017000000000007500001000000                         0900000000000000000000000000000000000000000000000000000   000000000000000000000005002        170192957705     
0010001300330U 280000000000000000000000000000000000000000000000000000000000000000000000000000000000000000000000000000000000000000000000001904201700000000            000000000000000                              000                           
0010001300331T 280180230000001544772 29577050731430194   7               18022017000000000007500001000000                         0900000000000000000000000000000000000000000000000000000   000000000000000000000005002        170192957705     
0010001300332U 280000000000000000000000000000000000000000000000000000000000000000000000000000000000000000000000000000000000000000000000001904201700000000            000000000000000                              000                           
0010001300333T 280180230000001544772 29577050911706109   7               20032017000000000007500001000000                         0900000000000000000000000000000000000000000000000000000   000000000000000000000005002        170192957705     
0010001300334U 280000000000000000000000000000000000000000000000000000000000000000000000000000000000000000000000000000000000000000000000001904201700000000            000000000000000                              000                           
0010001300335T 280180230000001544772 29577051093642558   7               20032017000000000007500001000000                         0900000000000000000000000000000000000000000000000000000   000000000000000000000005002        170192957705     
0010001300336U 280000000000000000000000000000000000000000000000000000000000000000000000000000000000000000000000000000000000000000000000001904201700000000            000000000000000                              000                           
0010001300337T 280180230000001544772 29577051255543957   7               20032017000000000007500001000000                         0900000000000000000000000000000000000000000000000000000   000000000000000000000005002        170192957705     
0010001300338U 280000000000000000000000000000000000000000000000000000000000000000000000000000000000000000000000000000000000000000000000001904201700000000            000000000000000                              000                           
0010001300339T 280180230000001544772 29577051287108691   7               20032017000000000007500001000000                         0900000000000000000000000000000000000000000000000000000   000000000000000000000005002        170192957705     
0010001300340U 280000000000000000000000000000000000000000000000000000000000000000000000000000000000000000000000000000000000000000000000001904201700000000            000000000000000                              000                           
0010001300341T 280180230000001544772 29577051306009239   7               20032017000000000007500001000000                         0900000000000000000000000000000000000000000000000000000   000000000000000000000005002        170192957705     
0010001300342U 280000000000000000000000000000000000000000000000000000000000000000000000000000000000000000000000000000000000000000000000001904201700000000            000000000000000                              000                           
0010001300343T 280180230000001544772 29577051337423640   7               20032017000000000007500001000000                         0900000000000000000000000000000000000000000000000000000   000000000000000000000005002        170192957705     
0010001300344U 280000000000000000000000000000000000000000000000000000000000000000000000000000000000000000000000000000000000000000000000001904201700000000            000000000000000                              000                           
0010001300345T 280180230000001544772 29577051337457593   7               20032017000000000007500001000000                         0900000000000000000000000000000000000000000000000000000   000000000000000000000005002        170192957705     
0010001300346U 280000000000000000000000000000000000000000000000000000000000000000000000000000000000000000000000000000000000000000000000001904201700000000            000000000000000                              000                           
0010001300347T 280180230000001544772 29577051340002571   7               20032017000000000010000001000000                         0900000000000000000000000000000000000000000000000000000   000000000000000000000005002        170192957705     
0010001300348U 280000000000000000000000000000000000000000000000000000000000000000000000000000000000000000000000000000000000000000000000001904201700000000            000000000000000                              000                           
0010001300349T 280180230000001544772 29577051340318453   7               20032017000000000007500001000000                         0900000000000000000000000000000000000000000000000000000   000000000000000000000005002        170192957705     
0010001300350U 280000000000000000000000000000000000000000000000000000000000000000000000000000000000000000000000000000000000000000000000001904201700000000            000000000000000                              000                           
0010001300351T 280180230000001544772 29577051341007800   7               20032017000000000007500001000000                         0900000000000000000000000000000000000000000000000000000   000000000000000000000005002        170192957705     
0010001300352U 280000000000000000000000000000000000000000000000000000000000000000000000000000000000000000000000000000000000000000000000001904201700000000            000000000000000                              000                           
0010001300353T 280180230000001544772 29577051341035610   7               20032017000000000007500001000000                         0900000000000000000000000000000000000000000000000000000   000000000000000000000005002        170192957705     
0010001300354U 280000000000000000000000000000000000000000000000000000000000000000000000000000000000000000000000000000000000000000000000001904201700000000            000000000000000                              000                           
0010001300355T 280180230000001544772 29577051342902777   7               20032017000000000007500001000000                         0900000000000000000000000000000000000000000000000000000   000000000000000000000005002        170192957705     
0010001300356U 280000000000000000000000000000000000000000000000000000000000000000000000000000000000000000000000000000000000000000000000001904201700000000            000000000000000                              000                           
0010001300357T 280180230000001544772 29577051343143813   7               20032017000000000007500001000000                         0900000000000000000000000000000000000000000000000000000   000000000000000000000005002        170192957705     
0010001300358U 280000000000000000000000000000000000000000000000000000000000000000000000000000000000000000000000000000000000000000000000001904201700000000            000000000000000                              000                           
0010001300359T 280180230000001544772 29577051343405740   7               20032017000000000007500001000000                         0900000000000000000000000000000000000000000000000000000   000000000000000000000005002        170192957705     
0010001300360U 280000000000000000000000000000000000000000000000000000000000000000000000000000000000000000000000000000000000000000000000001904201700000000            000000000000000                              000                           
0010001300361T 280180230000001544772 29577051343934701   7               20032017000000000007500001000000                         0900000000000000000000000000000000000000000000000000000   000000000000000000000005002        170192957705     
0010001300362U 280000000000000000000000000000000000000000000000000000000000000000000000000000000000000000000000000000000000000000000000001904201700000000            000000000000000                              000                           
0010001300363T 280180230000001544772 29577051346215653   7               20032017000000000007500001000000                         0900000000000000000000000000000000000000000000000000000   000000000000000000000005002        170192957705     
0010001300364U 280000000000000000000000000000000000000000000000000000000000000000000000000000000000000000000000000000000000000000000000001904201700000000            000000000000000                              000                           
00100015         000366005142000000000393295000000000000000000000000000000000000000000000000000000000000000000000000000000000000000000000000000000                                                                                              
00199999         000001000368000000                                                                                                                                                            00000000000000000000000000000                    
