00100000         2247745860001000029577050014       0180230000001544772 INSTITUTO DE SELECAO E TECNOLOBANCO DO BRASIL                         22004201702591200018203000000515122941PROCESSAMEN                                                 
00100011T0100020 20247745860001000029577050014       0180230000001544772 INSTITUTO DE SELECAO E TECNOLO                                                                                000000002004201700000000  000000000                      
0010001300001T 020180230000001544772 29577050329632628   7               22042017000000000007500001000213                         0900000000000010000000000000000000000000000000000000000   0000000000000000000000000A9        170192957705     
0010001300002U 020000000000000000000000000000000000000000000000000000000000000000000000000000000000000000000000000000000000000000000000002004201700000000            000000000000000                              000                           
0010001300003T 020180230000001544772 29577050344726599   7               22042017000000000007500001009245                         0900000000000010000000000000000000000000000000000000000   0000000000000000000000000A9        170192957705     
0010001300004U 020000000000000000000000000000000000000000000000000000000000000000000000000000000000000000000000000000000000000000000000002004201700000000            000000000000000                              000                           
0010001300005T 020180230000001544772 29577051180149137   7               22042017000000000007500001012416                         0900000000000010000000000000000000000000000000000000000   0000000000000000000000000A9        170192957705     
0010001300006U 020000000000000000000000000000000000000000000000000000000000000000000000000000000000000000000000000000000000000000000000002004201700000000            000000000000000                              000                           
0010001300007T 090180230000001544772 29577050000636001   788888888888889920012017000000000007500001000213888888888888899          0900000000000000000000000000000000000000000000000000000   000000000000000000000010009        170192957705     
0010001300008U 090000000000000000000000000000000000000000000000000000000000000000000000000000000000000000000000000000000000000000000000002004201700000000            000000000000000                              000                           
0010001300009T 090180230000001544772 29577050000655102   788888888888889920012017000000000007500001000213888888888888899          0900000000000000000000000000000000000000000000000000000   000000000000000000000010009        170192957705     
0010001300010U 090000000000000000000000000000000000000000000000000000000000000000000000000000000000000000000000000000000000000000000000002004201700000000            000000000000000                              000                           
0010001300011T 090180230000001544772 29577050020815518   78888888888888992001201700000000000750000103049X888888888888899          0900000000000000000000000000000000000000000000000000000   000000000000000000000010009        170192957705     
0010001300012U 090000000000000000000000000000000000000000000000000000000000000000000000000000000000000000000000000000000000000000000000002004201700000000            000000000000000                              000                           
0010001300013T 090180230000001544772 29577050022014175   788888888888889920012017000000000007500001000213888888888888899          0900000000000000000000000000000000000000000000000000000   000000000000000000000010009        170192957705     
0010001300014U 090000000000000000000000000000000000000000000000000000000000000000000000000000000000000000000000000000000000000000000000002004201700000000            000000000000000                              000                           
0010001300015T 090180230000001544772 29577050033231073   788888888888889920012017000000000007500001000213888888888888899          0900000000000000000000000000000000000000000000000000000   000000000000000000000010009        170192957705     
0010001300016U 090000000000000000000000000000000000000000000000000000000000000000000000000000000000000000000000000000000000000000000000002004201700000000            000000000000000                              000                           
0010001300017T 090180230000001544772 29577050033708141   78888888888888992001201700000000000750000103049X888888888888899          0900000000000000000000000000000000000000000000000000000   000000000000000000000010009        170192957705     
0010001300018U 090000000000000000000000000000000000000000000000000000000000000000000000000000000000000000000000000000000000000000000000002004201700000000            000000000000000                              000                           
0010001300019T 090180230000001544772 29577050033814740   788888888888889920012017000000000007500001000213888888888888899          0900000000000000000000000000000000000000000000000000000   000000000000000000000010009        170192957705     
0010001300020U 090000000000000000000000000000000000000000000000000000000000000000000000000000000000000000000000000000000000000000000000002004201700000000            000000000000000                              000                           
0010001300021T 090180230000001544772 29577050034315574   788888888888889920012017000000000007500001012408888888888888899          0900000000000000000000000000000000000000000000000000000   000000000000000000000010009        170192957705     
0010001300022U 090000000000000000000000000000000000000000000000000000000000000000000000000000000000000000000000000000000000000000000000002004201700000000            000000000000000                              000                           
0010001300023T 090180230000001544772 29577050037749581   78888888888888992001201700000000000750000103049X888888888888899          0900000000000000000000000000000000000000000000000000000   000000000000000000000010009        170192957705     
0010001300024U 090000000000000000000000000000000000000000000000000000000000000000000000000000000000000000000000000000000000000000000000002004201700000000            000000000000000                              000                           
0010001300025T 090180230000001544772 29577050038159306   78888888888888992001201700000000000750000103049X888888888888899          0900000000000000000000000000000000000000000000000000000   000000000000000000000010009        170192957705     
0010001300026U 090000000000000000000000000000000000000000000000000000000000000000000000000000000000000000000000000000000000000000000000002004201700000000            000000000000000                              000                           
0010001300027T 090180230000001544772 29577050038324372   788888888888889920012017000000000007500001000213888888888888899          0900000000000000000000000000000000000000000000000000000   000000000000000000000010009        170192957705     
0010001300028U 090000000000000000000000000000000000000000000000000000000000000000000000000000000000000000000000000000000000000000000000002004201700000000            000000000000000                              000                           
0010001300029T 090180230000001544772 29577050039050403   788888888888889920012017000000000007500001012408888888888888899          0900000000000000000000000000000000000000000000000000000   000000000000000000000010009        170192957705     
0010001300030U 090000000000000000000000000000000000000000000000000000000000000000000000000000000000000000000000000000000000000000000000002004201700000000            000000000000000                              000                           
0010001300031T 090180230000001544772 29577050039802764   788888888888889920012017000000000007500001000213888888888888899          0900000000000000000000000000000000000000000000000000000   000000000000000000000010009        170192957705     
0010001300032U 090000000000000000000000000000000000000000000000000000000000000000000000000000000000000000000000000000000000000000000000002004201700000000            000000000000000                              000                           
0010001300033T 090180230000001544772 29577050039835737   788888888888889920012017000000000007500001000213888888888888899          0900000000000000000000000000000000000000000000000000000   000000000000000000000010009        170192957705     
0010001300034U 090000000000000000000000000000000000000000000000000000000000000000000000000000000000000000000000000000000000000000000000002004201700000000            000000000000000                              000                           
0010001300035T 090180230000001544772 29577050039843140   788888888888889920012017000000000007500001000213888888888888899          0900000000000000000000000000000000000000000000000000000   000000000000000000000010009        170192957705     
0010001300036U 090000000000000000000000000000000000000000000000000000000000000000000000000000000000000000000000000000000000000000000000002004201700000000            000000000000000                              000                           
0010001300037T 090180230000001544772 29577050042041709   78888888888888992001201700000000000750000103049X888888888888899          0900000000000000000000000000000000000000000000000000000   000000000000000000000010009        170192957705     
0010001300038U 090000000000000000000000000000000000000000000000000000000000000000000000000000000000000000000000000000000000000000000000002004201700000000            000000000000000                              000                           
0010001300039T 090180230000001544772 29577050042438090   78888888888888992001201700000000000750000103049X888888888888899          0900000000000000000000000000000000000000000000000000000   000000000000000000000010009        170192957705     
0010001300040U 090000000000000000000000000000000000000000000000000000000000000000000000000000000000000000000000000000000000000000000000002004201700000000            000000000000000                              000                           
0010001300041T 090180230000001544772 29577050042640263   78888888888888992001201700000000000750000103049X888888888888899          0900000000000000000000000000000000000000000000000000000   000000000000000000000010009        170192957705     
0010001300042U 090000000000000000000000000000000000000000000000000000000000000000000000000000000000000000000000000000000000000000000000002004201700000000            000000000000000                              000                           
0010001300043T 090180230000001544772 29577050042654137   78888888888888992001201700000000000750000103049X888888888888899          0900000000000000000000000000000000000000000000000000000   000000000000000000000010009        170192957705     
0010001300044U 090000000000000000000000000000000000000000000000000000000000000000000000000000000000000000000000000000000000000000000000002004201700000000            000000000000000                              000                           
0010001300045T 090180230000001544772 29577050042722055   788888888888889920012017000000000007500001000213888888888888899          0900000000000000000000000000000000000000000000000000000   000000000000000000000010009        170192957705     
0010001300046U 090000000000000000000000000000000000000000000000000000000000000000000000000000000000000000000000000000000000000000000000002004201700000000            000000000000000                              000                           
0010001300047T 090180230000001544772 29577050042925365   788888888888889920012017000000000007500001000213888888888888899          0900000000000000000000000000000000000000000000000000000   000000000000000000000010009        170192957705     
0010001300048U 090000000000000000000000000000000000000000000000000000000000000000000000000000000000000000000000000000000000000000000000002004201700000000            000000000000000                              000                           
0010001300049T 090180230000001544772 29577050043912303   78888888888888992001201700000000000750000100071X888888888888899          0900000000000000000000000000000000000000000000000000000   000000000000000000000010009        170192957705     
0010001300050U 090000000000000000000000000000000000000000000000000000000000000000000000000000000000000000000000000000000000000000000000002004201700000000            000000000000000                              000                           
0010001300051T 090180230000001544772 29577050044001998   788888888888889920012017000000000007500001012416888888888888899          0900000000000000000000000000000000000000000000000000000   000000000000000000000010009        170192957705     
0010001300052U 090000000000000000000000000000000000000000000000000000000000000000000000000000000000000000000000000000000000000000000000002004201700000000            000000000000000                              000                           
0010001300053T 090180230000001544772 29577050045232626   788888888888889920012017000000000007500001000213888888888888899          0900000000000000000000000000000000000000000000000000000   000000000000000000000010009        170192957705     
0010001300054U 090000000000000000000000000000000000000000000000000000000000000000000000000000000000000000000000000000000000000000000000002004201700000000            000000000000000                              000                           
0010001300055T 090180230000001544772 29577050045426100   788888888888889920012017000000000007500001046280888888888888899          0900000000000000000000000000000000000000000000000000000   000000000000000000000010009        170192957705     
0010001300056U 090000000000000000000000000000000000000000000000000000000000000000000000000000000000000000000000000000000000000000000000002004201700000000            000000000000000                              000                           
0010001300057T 090180230000001544772 29577050046056720   788888888888889920012017000000000007500001000213888888888888899          0900000000000000000000000000000000000000000000000000000   000000000000000000000010009        170192957705     
0010001300058U 090000000000000000000000000000000000000000000000000000000000000000000000000000000000000000000000000000000000000000000000002004201700000000            000000000000000                              000                           
0010001300059T 090180230000001544772 29577050046253221   788888888888889920012017000000000007500001012408888888888888899          0900000000000000000000000000000000000000000000000000000   000000000000000000000010009        170192957705     
0010001300060U 090000000000000000000000000000000000000000000000000000000000000000000000000000000000000000000000000000000000000000000000002004201700000000            000000000000000                              000                           
0010001300061T 090180230000001544772 29577050048224248   78888888888888992001201700000000000750000103049X888888888888899          0900000000000000000000000000000000000000000000000000000   000000000000000000000010009        170192957705     
0010001300062U 090000000000000000000000000000000000000000000000000000000000000000000000000000000000000000000000000000000000000000000000002004201700000000            000000000000000                              000                           
0010001300063T 090180230000001544772 29577050048445371   788888888888889920012017000000000007500001012416888888888888899          0900000000000000000000000000000000000000000000000000000   000000000000000000000010009        170192957705     
0010001300064U 090000000000000000000000000000000000000000000000000000000000000000000000000000000000000000000000000000000000000000000000002004201700000000            000000000000000                              000                           
0010001300065T 090180230000001544772 29577050049952823   788888888888889920012017000000000007500001009245888888888888899          0900000000000000000000000000000000000000000000000000000   000000000000000000000010009        170192957705     
0010001300066U 090000000000000000000000000000000000000000000000000000000000000000000000000000000000000000000000000000000000000000000000002004201700000000            000000000000000                              000                           
0010001300067T 090180230000001544772 29577050080837890   788888888888889920012017000000000007500001004782888888888888899          0900000000000000000000000000000000000000000000000000000   000000000000000000000010009        170192957705     
0010001300068U 090000000000000000000000000000000000000000000000000000000000000000000000000000000000000000000000000000000000000000000000002004201700000000            000000000000000                              000                           
0010001300069T 090180230000001544772 29577050112433234   78888888888888992001201700000000000750000103049X888888888888899          0900000000000000000000000000000000000000000000000000000   000000000000000000000010009        170192957705     
0010001300070U 090000000000000000000000000000000000000000000000000000000000000000000000000000000000000000000000000000000000000000000000002004201700000000            000000000000000                              000                           
0010001300071T 090180230000001544772 29577050128015482   788888888888889920012017000000000007500001000213888888888888899          0900000000000000000000000000000000000000000000000000000   000000000000000000000010009        170192957705     
0010001300072U 090000000000000000000000000000000000000000000000000000000000000000000000000000000000000000000000000000000000000000000000002004201700000000            000000000000000                              000                           
0010001300073T 090180230000001544772 29577050174517955   788888888888889920012017000000000007500001000213888888888888899          0900000000000000000000000000000000000000000000000000000   000000000000000000000010009        170192957705     
0010001300074U 090000000000000000000000000000000000000000000000000000000000000000000000000000000000000000000000000000000000000000000000002004201700000000            000000000000000                              000                           
0010001300075T 090180230000001544772 29577050174518134   788888888888889920012017000000000007500001000213888888888888899          0900000000000000000000000000000000000000000000000000000   000000000000000000000010009        170192957705     
0010001300076U 090000000000000000000000000000000000000000000000000000000000000000000000000000000000000000000000000000000000000000000000002004201700000000            000000000000000                              000                           
0010001300077T 090180230000001544772 29577050194540760   788888888888889920012017000000000007500001000213888888888888899          0900000000000000000000000000000000000000000000000000000   000000000000000000000010009        170192957705     
0010001300078U 090000000000000000000000000000000000000000000000000000000000000000000000000000000000000000000000000000000000000000000000002004201700000000            000000000000000                              000                           
0010001300079T 090180230000001544772 29577050194739677   788888888888889920012017000000000007500001000213888888888888899          0900000000000000000000000000000000000000000000000000000   000000000000000000000010009        170192957705     
0010001300080U 090000000000000000000000000000000000000000000000000000000000000000000000000000000000000000000000000000000000000000000000002004201700000000            000000000000000                              000                           
0010001300081T 090180230000001544772 29577050200241719   788888888888889920012017000000000007500001012408888888888888899          0900000000000000000000000000000000000000000000000000000   000000000000000000000010009        170192957705     
0010001300082U 090000000000000000000000000000000000000000000000000000000000000000000000000000000000000000000000000000000000000000000000002004201700000000            000000000000000                              000                           
0010001300083T 090180230000001544772 29577050200256051   788888888888889920012017000000000007500001012408888888888888899          0900000000000000000000000000000000000000000000000000000   000000000000000000000010009        170192957705     
0010001300084U 090000000000000000000000000000000000000000000000000000000000000000000000000000000000000000000000000000000000000000000000002004201700000000            000000000000000                              000                           
0010001300085T 090180230000001544772 29577050203838271   788888888888889920012017000000000007500001012408888888888888899          0900000000000000000000000000000000000000000000000000000   000000000000000000000010009        170192957705     
0010001300086U 090000000000000000000000000000000000000000000000000000000000000000000000000000000000000000000000000000000000000000000000002004201700000000            000000000000000                              000                           
0010001300087T 090180230000001544772 29577050237255222   788888888888889920012017000000000007500001012416888888888888899          0900000000000000000000000000000000000000000000000000000   000000000000000000000010009        170192957705     
0010001300088U 090000000000000000000000000000000000000000000000000000000000000000000000000000000000000000000000000000000000000000000000002004201700000000            000000000000000                              000                           
0010001300089T 090180230000001544772 29577050241428699   788888888888889920012017000000000007500001009245888888888888899          0900000000000000000000000000000000000000000000000000000   000000000000000000000010009        170192957705     
0010001300090U 090000000000000000000000000000000000000000000000000000000000000000000000000000000000000000000000000000000000000000000000002004201700000000            000000000000000                              000                           
0010001300091T 090180230000001544772 29577050245410103   788888888888889920012017000000000007500001008028888888888888899          0900000000000000000000000000000000000000000000000000000   000000000000000000000010009        170192957705     
0010001300092U 090000000000000000000000000000000000000000000000000000000000000000000000000000000000000000000000000000000000000000000000002004201700000000            000000000000000                              000                           
0010001300093T 090180230000001544772 29577050255411326   788888888888889920012017000000000007500001012416888888888888899          0900000000000000000000000000000000000000000000000000000   000000000000000000000010009        170192957705     
0010001300094U 090000000000000000000000000000000000000000000000000000000000000000000000000000000000000000000000000000000000000000000000002004201700000000            000000000000000                              000                           
0010001300095T 090180230000001544772 29577050256057623   788888888888889920012017000000000007500001000213888888888888899          0900000000000000000000000000000000000000000000000000000   000000000000000000000010009        170192957705     
0010001300096U 090000000000000000000000000000000000000000000000000000000000000000000000000000000000000000000000000000000000000000000000002004201700000000            000000000000000                              000                           
0010001300097T 090180230000001544772 29577050257252501   788888888888889920012017000000000007500001001120888888888888899          0900000000000000000000000000000000000000000000000000000   000000000000000000000010009        170192957705     
0010001300098U 090000000000000000000000000000000000000000000000000000000000000000000000000000000000000000000000000000000000000000000000002004201700000000            000000000000000                              000                           
0010001300099T 090180230000001544772 29577050261119677   788888888888889920012017000000000010000001032077888888888888899          0900000000000000000000000000000000000000000000000000000   000000000000000000000010009        170192957705     
0010001300100U 090000000000000000000000000000000000000000000000000000000000000000000000000000000000000000000000000000000000000000000000002004201700000000            000000000000000                              000                           
0010001300101T 090180230000001544772 29577050265430381   788888888888889920012017000000000007500001012416888888888888899          0900000000000000000000000000000000000000000000000000000   000000000000000000000010009        170192957705     
0010001300102U 090000000000000000000000000000000000000000000000000000000000000000000000000000000000000000000000000000000000000000000000002004201700000000            000000000000000                              000                           
0010001300103T 090180230000001544772 29577050265940988   78888888888888992001201700000000000750000103049X888888888888899          0900000000000000000000000000000000000000000000000000000   000000000000000000000010009        170192957705     
0010001300104U 090000000000000000000000000000000000000000000000000000000000000000000000000000000000000000000000000000000000000000000000002004201700000000            000000000000000                              000                           
0010001300105T 090180230000001544772 29577050266018183   788888888888889920012017000000000007500001000213888888888888899          0900000000000000000000000000000000000000000000000000000   000000000000000000000010009        170192957705     
0010001300106U 090000000000000000000000000000000000000000000000000000000000000000000000000000000000000000000000000000000000000000000000002004201700000000            000000000000000                              000                           
0010001300107T 090180230000001544772 29577050266153531   788888888888889920012017000000000010000001012416888888888888899          0900000000000000000000000000000000000000000000000000000   000000000000000000000010009        170192957705     
0010001300108U 090000000000000000000000000000000000000000000000000000000000000000000000000000000000000000000000000000000000000000000000002004201700000000            000000000000000                              000                           
0010001300109T 090180230000001544772 29577050266259991   788888888888889920012017000000000007500001012408888888888888899          0900000000000000000000000000000000000000000000000000000   000000000000000000000010009        170192957705     
0010001300110U 090000000000000000000000000000000000000000000000000000000000000000000000000000000000000000000000000000000000000000000000002004201700000000            000000000000000                              000                           
0010001300111T 090180230000001544772 29577050266323973   78888888888888992001201700000000000750000103049X888888888888899          0900000000000000000000000000000000000000000000000000000   000000000000000000000010009        170192957705     
0010001300112U 090000000000000000000000000000000000000000000000000000000000000000000000000000000000000000000000000000000000000000000000002004201700000000            000000000000000                              000                           
0010001300113T 090180230000001544772 29577050266358723   78888888888888992001201700000000000750000103049X888888888888899          0900000000000000000000000000000000000000000000000000000   000000000000000000000010009        170192957705     
0010001300114U 090000000000000000000000000000000000000000000000000000000000000000000000000000000000000000000000000000000000000000000000002004201700000000            000000000000000                              000                           
0010001300115T 090180230000001544772 29577050266418906   788888888888889920012017000000000007500001000213888888888888899          0900000000000000000000000000000000000000000000000000000   000000000000000000000010009        170192957705     
0010001300116U 090000000000000000000000000000000000000000000000000000000000000000000000000000000000000000000000000000000000000000000000002004201700000000            000000000000000                              000                           
0010001300117T 090180230000001544772 29577050266711340   788888888888889920012017000000000007500001012408888888888888899          0900000000000000000000000000000000000000000000000000000   000000000000000000000010009        170192957705     
0010001300118U 090000000000000000000000000000000000000000000000000000000000000000000000000000000000000000000000000000000000000000000000002004201700000000            000000000000000                              000                           
0010001300119T 090180230000001544772 29577050266935703   78888888888888992001201700000000001000000100295X888888888888899          0900000000000000000000000000000000000000000000000000000   000000000000000000000010009        170192957705     
0010001300120U 090000000000000000000000000000000000000000000000000000000000000000000000000000000000000000000000000000000000000000000000002004201700000000            000000000000000                              000                           
0010001300121T 090180230000001544772 29577050267010869   788888888888889920012017000000000007500001046280888888888888899          0900000000000000000000000000000000000000000000000000000   000000000000000000000010009        170192957705     
0010001300122U 090000000000000000000000000000000000000000000000000000000000000000000000000000000000000000000000000000000000000000000000002004201700000000            000000000000000                              000                           
0010001300123T 090180230000001544772 29577050267027295   788888888888889920012017000000000007500001046280888888888888899          0900000000000000000000000000000000000000000000000000000   000000000000000000000010009        170192957705     
0010001300124U 090000000000000000000000000000000000000000000000000000000000000000000000000000000000000000000000000000000000000000000000002004201700000000            000000000000000                              000                           
0010001300125T 090180230000001544772 29577050267046739   788888888888889920012017000000000007500001046280888888888888899          0900000000000000000000000000000000000000000000000000000   000000000000000000000010009        170192957705     
0010001300126U 090000000000000000000000000000000000000000000000000000000000000000000000000000000000000000000000000000000000000000000000002004201700000000            000000000000000                              000                           
0010001300127T 090180230000001544772 29577050267143914   788888888888889920012017000000000007500001046280888888888888899          0900000000000000000000000000000000000000000000000000000   000000000000000000000010009        170192957705     
0010001300128U 090000000000000000000000000000000000000000000000000000000000000000000000000000000000000000000000000000000000000000000000002004201700000000            000000000000000                              000                           
0010001300129T 090180230000001544772 29577050267244827   788888888888889920012017000000000007500001000833888888888888899          0900000000000000000000000000000000000000000000000000000   000000000000000000000010009        170192957705     
0010001300130U 090000000000000000000000000000000000000000000000000000000000000000000000000000000000000000000000000000000000000000000000002004201700000000            000000000000000                              000                           
0010001300131T 090180230000001544772 29577050267302680   788888888888889920012017000000000007500001012408888888888888899          0900000000000000000000000000000000000000000000000000000   000000000000000000000010009        170192957705     
0010001300132U 090000000000000000000000000000000000000000000000000000000000000000000000000000000000000000000000000000000000000000000000002004201700000000            000000000000000                              000                           
0010001300133T 090180230000001544772 29577050267551942   788888888888889920012017000000000007500001012408888888888888899          0900000000000000000000000000000000000000000000000000000   000000000000000000000010009        170192957705     
0010001300134U 090000000000000000000000000000000000000000000000000000000000000000000000000000000000000000000000000000000000000000000000002004201700000000            000000000000000                              000                           
0010001300135T 090180230000001544772 29577050267645207   78888888888888992001201700000000000750000103049X888888888888899          0900000000000000000000000000000000000000000000000000000   000000000000000000000010009        170192957705     
0010001300136U 090000000000000000000000000000000000000000000000000000000000000000000000000000000000000000000000000000000000000000000000002004201700000000            000000000000000                              000                           
0010001300137T 090180230000001544772 29577050267758017   78888888888888992001201700000000000750000103049X888888888888899          0900000000000000000000000000000000000000000000000000000   000000000000000000000010009        170192957705     
0010001300138U 090000000000000000000000000000000000000000000000000000000000000000000000000000000000000000000000000000000000000000000000002004201700000000            000000000000000                              000                           
0010001300139T 090180230000001544772 29577050267857370   78888888888888992001201700000000000750000101298X888888888888899          0900000000000000000000000000000000000000000000000000000   000000000000000000000010009        170192957705     
0010001300140U 090000000000000000000000000000000000000000000000000000000000000000000000000000000000000000000000000000000000000000000000002004201700000000            000000000000000                              000                           
0010001300141T 090180230000001544772 29577050267953747   788888888888889920012017000000000007500001012408888888888888899          0900000000000000000000000000000000000000000000000000000   000000000000000000000010009        170192957705     
0010001300142U 090000000000000000000000000000000000000000000000000000000000000000000000000000000000000000000000000000000000000000000000002004201700000000            000000000000000                              000                           
0010001300143T 090180230000001544772 29577050268048347   788888888888889920012017000000000007500001012408888888888888899          0900000000000000000000000000000000000000000000000000000   000000000000000000000010009        170192957705     
0010001300144U 090000000000000000000000000000000000000000000000000000000000000000000000000000000000000000000000000000000000000000000000002004201700000000            000000000000000                              000                           
0010001300145T 090180230000001544772 29577050268134454   788888888888889920012017000000000010000001000213888888888888899          0900000000000000000000000000000000000000000000000000000   000000000000000000000010009        170192957705     
0010001300146U 090000000000000000000000000000000000000000000000000000000000000000000000000000000000000000000000000000000000000000000000002004201700000000            000000000000000                              000                           
0010001300147T 090180230000001544772 29577050268431107   788888888888889920012017000000000007500001007676888888888888899          0900000000000000000000000000000000000000000000000000000   000000000000000000000010009        170192957705     
0010001300148U 090000000000000000000000000000000000000000000000000000000000000000000000000000000000000000000000000000000000000000000000002004201700000000            000000000000000                              000                           
0010001300149T 090180230000001544772 29577050268527597   788888888888889920012017000000000007500001004782888888888888899          0900000000000000000000000000000000000000000000000000000   000000000000000000000010009        170192957705     
0010001300150U 090000000000000000000000000000000000000000000000000000000000000000000000000000000000000000000000000000000000000000000000002004201700000000            000000000000000                              000                           
0010001300151T 090180230000001544772 29577050268807117   78888888888888992001201700000000000750000103049X888888888888899          0900000000000000000000000000000000000000000000000000000   000000000000000000000010009        170192957705     
0010001300152U 090000000000000000000000000000000000000000000000000000000000000000000000000000000000000000000000000000000000000000000000002004201700000000            000000000000000                              000                           
0010001300153T 090180230000001544772 29577050269107668   788888888888889920012017000000000007500001002224888888888888899          0900000000000000000000000000000000000000000000000000000   000000000000000000000010009        170192957705     
0010001300154U 090000000000000000000000000000000000000000000000000000000000000000000000000000000000000000000000000000000000000000000000002004201700000000            000000000000000                              000                           
0010001300155T 090180230000001544772 29577050269151182   788888888888889920012017000000000007500001002224888888888888899          0900000000000000000000000000000000000000000000000000000   000000000000000000000010009        170192957705     
0010001300156U 090000000000000000000000000000000000000000000000000000000000000000000000000000000000000000000000000000000000000000000000002004201700000000            000000000000000                              000                           
0010001300157T 090180230000001544772 29577050269224623   78888888888888992001201700000000000750000100829X888888888888899          0900000000000000000000000000000000000000000000000000000   000000000000000000000010009        170192957705     
0010001300158U 090000000000000000000000000000000000000000000000000000000000000000000000000000000000000000000000000000000000000000000000002004201700000000            000000000000000                              000                           
0010001300159T 090180230000001544772 29577050269302158   788888888888889920012017000000000007500001012408888888888888899          0900000000000000000000000000000000000000000000000000000   000000000000000000000010009        170192957705     
0010001300160U 090000000000000000000000000000000000000000000000000000000000000000000000000000000000000000000000000000000000000000000000002004201700000000            000000000000000                              000                           
0010001300161T 090180230000001544772 29577050269445479   788888888888889920012017000000000007500001000213888888888888899          0900000000000000000000000000000000000000000000000000000   000000000000000000000010009        170192957705     
0010001300162U 090000000000000000000000000000000000000000000000000000000000000000000000000000000000000000000000000000000000000000000000002004201700000000            000000000000000                              000                           
0010001300163T 090180230000001544772 29577050269524371   788888888888889920012017000000000007500001021121888888888888899          0900000000000000000000000000000000000000000000000000000   000000000000000000000010009        170192957705     
0010001300164U 090000000000000000000000000000000000000000000000000000000000000000000000000000000000000000000000000000000000000000000000002004201700000000            000000000000000                              000                           
0010001300165T 090180230000001544772 29577050269637173   788888888888889920012017000000000007500001012408888888888888899          0900000000000000000000000000000000000000000000000000000   000000000000000000000010009        170192957705     
0010001300166U 090000000000000000000000000000000000000000000000000000000000000000000000000000000000000000000000000000000000000000000000002004201700000000            000000000000000                              000                           
0010001300167T 090180230000001544772 29577050269753518   78888888888888992001201700000000000750000103049X888888888888899          0900000000000000000000000000000000000000000000000000000   000000000000000000000010009        170192957705     
0010001300168U 090000000000000000000000000000000000000000000000000000000000000000000000000000000000000000000000000000000000000000000000002004201700000000            000000000000000                              000                           
0010001300169T 090180230000001544772 29577050269813735   788888888888889920012017000000000007500001000213888888888888899          0900000000000000000000000000000000000000000000000000000   000000000000000000000010009        170192957705     
0010001300170U 090000000000000000000000000000000000000000000000000000000000000000000000000000000000000000000000000000000000000000000000002004201700000000            000000000000000                              000                           
0010001300171T 090180230000001544772 29577050269944094   788888888888889920012017000000000007500001012408888888888888899          0900000000000000000000000000000000000000000000000000000   000000000000000000000010009        170192957705     
0010001300172U 090000000000000000000000000000000000000000000000000000000000000000000000000000000000000000000000000000000000000000000000002004201700000000            000000000000000                              000                           
0010001300173T 090180230000001544772 29577050270040983   78888888888888992001201700000000000750000103049X888888888888899          0900000000000000000000000000000000000000000000000000000   000000000000000000000010009        170192957705     
0010001300174U 090000000000000000000000000000000000000000000000000000000000000000000000000000000000000000000000000000000000000000000000002004201700000000            000000000000000                              000                           
0010001300175T 090180230000001544772 29577050270220703   788888888888889920012017000000000007500001000833888888888888899          0900000000000000000000000000000000000000000000000000000   000000000000000000000010009        170192957705     
0010001300176U 090000000000000000000000000000000000000000000000000000000000000000000000000000000000000000000000000000000000000000000000002004201700000000            000000000000000                              000                           
0010001300177T 090180230000001544772 29577050270306580   788888888888889920012017000000000007500001008338888888888888899          0900000000000000000000000000000000000000000000000000000   000000000000000000000010009        170192957705     
0010001300178U 090000000000000000000000000000000000000000000000000000000000000000000000000000000000000000000000000000000000000000000000002004201700000000            000000000000000                              000                           
0010001300179T 090180230000001544772 29577050270420297   78888888888888992001201700000000000750000103049X888888888888899          0900000000000000000000000000000000000000000000000000000   000000000000000000000010009        170192957705     
0010001300180U 090000000000000000000000000000000000000000000000000000000000000000000000000000000000000000000000000000000000000000000000002004201700000000            000000000000000                              000                           
0010001300181T 090180230000001544772 29577050270501057   788888888888889920012017000000000007500001012416888888888888899          0900000000000000000000000000000000000000000000000000000   000000000000000000000010009        170192957705     
0010001300182U 090000000000000000000000000000000000000000000000000000000000000000000000000000000000000000000000000000000000000000000000002004201700000000            000000000000000                              000                           
0010001300183T 090180230000001544772 29577050270528328   788888888888889920012017000000000007500001012416888888888888899          0900000000000000000000000000000000000000000000000000000   000000000000000000000010009        170192957705     
0010001300184U 090000000000000000000000000000000000000000000000000000000000000000000000000000000000000000000000000000000000000000000000002004201700000000            000000000000000                              000                           
0010001300185T 090180230000001544772 29577050270547695   788888888888889920012017000000000007500001012416888888888888899          0900000000000000000000000000000000000000000000000000000   000000000000000000000010009        170192957705     
0010001300186U 090000000000000000000000000000000000000000000000000000000000000000000000000000000000000000000000000000000000000000000000002004201700000000            000000000000000                              000                           
0010001300187T 090180230000001544772 29577050270919164   788888888888889920012017000000000007500001012408888888888888899          0900000000000000000000000000000000000000000000000000000   000000000000000000000010009        170192957705     
0010001300188U 090000000000000000000000000000000000000000000000000000000000000000000000000000000000000000000000000000000000000000000000002004201700000000            000000000000000                              000                           
0010001300189T 090180230000001544772 29577050271017526   788888888888889920012017000000000007500001000213888888888888899          0900000000000000000000000000000000000000000000000000000   000000000000000000000010009        170192957705     
0010001300190U 090000000000000000000000000000000000000000000000000000000000000000000000000000000000000000000000000000000000000000000000002004201700000000            000000000000000                              000                           
0010001300191T 090180230000001544772 29577050271149863   788888888888889920012017000000000007500001012408888888888888899          0900000000000000000000000000000000000000000000000000000   000000000000000000000010009        170192957705     
0010001300192U 090000000000000000000000000000000000000000000000000000000000000000000000000000000000000000000000000000000000000000000000002004201700000000            000000000000000                              000                           
0010001300193T 090180230000001544772 29577050271317736   78888888888888992001201700000000000750000103049X888888888888899          0900000000000000000000000000000000000000000000000000000   000000000000000000000010009        170192957705     
0010001300194U 090000000000000000000000000000000000000000000000000000000000000000000000000000000000000000000000000000000000000000000000002004201700000000            000000000000000                              000                           
0010001300195T 090180230000001544772 29577050271322183   78888888888888992001201700000000000750000103049X888888888888899          0900000000000000000000000000000000000000000000000000000   000000000000000000000010009        170192957705     
0010001300196U 090000000000000000000000000000000000000000000000000000000000000000000000000000000000000000000000000000000000000000000000002004201700000000            000000000000000                              000                           
0010001300197T 090180230000001544772 29577050271458893   788888888888889920012017000000000007500001000833888888888888899          0900000000000000000000000000000000000000000000000000000   000000000000000000000010009        170192957705     
0010001300198U 090000000000000000000000000000000000000000000000000000000000000000000000000000000000000000000000000000000000000000000000002004201700000000            000000000000000                              000                           
0010001300199T 090180230000001544772 29577050271619512   788888888888889920012017000000000007500001012408888888888888899          0900000000000000000000000000000000000000000000000000000   000000000000000000000010009        170192957705     
0010001300200U 090000000000000000000000000000000000000000000000000000000000000000000000000000000000000000000000000000000000000000000000002004201700000000            000000000000000                              000                           
0010001300201T 090180230000001544772 29577050271718239   788888888888889920012017000000000007500001002224888888888888899          0900000000000000000000000000000000000000000000000000000   000000000000000000000010009        170192957705     
0010001300202U 090000000000000000000000000000000000000000000000000000000000000000000000000000000000000000000000000000000000000000000000002004201700000000            000000000000000                              000                           
0010001300203T 090180230000001544772 29577050271835928   788888888888889920012017000000000007500001012408888888888888899          0900000000000000000000000000000000000000000000000000000   000000000000000000000010009        170192957705     
0010001300204U 090000000000000000000000000000000000000000000000000000000000000000000000000000000000000000000000000000000000000000000000002004201700000000            000000000000000                              000                           
0010001300205T 090180230000001544772 29577050271914605   788888888888889920012017000000000007500001012416888888888888899          0900000000000000000000000000000000000000000000000000000   000000000000000000000010009        170192957705     
0010001300206U 090000000000000000000000000000000000000000000000000000000000000000000000000000000000000000000000000000000000000000000000002004201700000000            000000000000000                              000                           
0010001300207T 090180230000001544772 29577050272024597   78888888888888992001201700000000000750000103049X888888888888899          0900000000000000000000000000000000000000000000000000000   000000000000000000000010009        170192957705     
0010001300208U 090000000000000000000000000000000000000000000000000000000000000000000000000000000000000000000000000000000000000000000000002004201700000000            000000000000000                              000                           
0010001300209T 090180230000001544772 29577050272036143   78888888888888992001201700000000000750000103049X888888888888899          0900000000000000000000000000000000000000000000000000000   000000000000000000000010009        170192957705     
0010001300210U 090000000000000000000000000000000000000000000000000000000000000000000000000000000000000000000000000000000000000000000000002004201700000000            000000000000000                              000                           
0010001300211T 090180230000001544772 29577050272231268   78888888888888992001201700000000000750000103049X888888888888899          0900000000000000000000000000000000000000000000000000000   000000000000000000000010009        170192957705     
0010001300212U 090000000000000000000000000000000000000000000000000000000000000000000000000000000000000000000000000000000000000000000000002004201700000000            000000000000000                              000                           
0010001300213T 090180230000001544772 29577050272312643   788888888888889920012017000000000007500001012408888888888888899          0900000000000000000000000000000000000000000000000000000   000000000000000000000010009        170192957705     
0010001300214U 090000000000000000000000000000000000000000000000000000000000000000000000000000000000000000000000000000000000000000000000002004201700000000            000000000000000                              000                           
0010001300215T 090180230000001544772 29577050272410092   788888888888889920012017000000000007500001000213888888888888899          0900000000000000000000000000000000000000000000000000000   000000000000000000000010009        170192957705     
0010001300216U 090000000000000000000000000000000000000000000000000000000000000000000000000000000000000000000000000000000000000000000000002004201700000000            000000000000000                              000                           
0010001300217T 090180230000001544772 29577050272511750   78888888888888992001201700000000000750000103049X888888888888899          0900000000000000000000000000000000000000000000000000000   000000000000000000000010009        170192957705     
0010001300218U 090000000000000000000000000000000000000000000000000000000000000000000000000000000000000000000000000000000000000000000000002004201700000000            000000000000000                              000                           
0010001300219T 090180230000001544772 29577050272519247   78888888888888992001201700000000000750000103049X888888888888899          0900000000000000000000000000000000000000000000000000000   000000000000000000000010009        170192957705     
0010001300220U 090000000000000000000000000000000000000000000000000000000000000000000000000000000000000000000000000000000000000000000000002004201700000000            000000000000000                              000                           
0010001300221T 090180230000001544772 29577050272528724   78888888888888992001201700000000000750000103049X888888888888899          0900000000000000000000000000000000000000000000000000000   000000000000000000000010009        170192957705     
0010001300222U 090000000000000000000000000000000000000000000000000000000000000000000000000000000000000000000000000000000000000000000000002004201700000000            000000000000000                              000                           
0010001300223T 090180230000001544772 29577050272546417   78888888888888992001201700000000000750000103049X888888888888899          0900000000000000000000000000000000000000000000000000000   000000000000000000000010009        170192957705     
0010001300224U 090000000000000000000000000000000000000000000000000000000000000000000000000000000000000000000000000000000000000000000000002004201700000000            000000000000000                              000                           
0010001300225T 090180230000001544772 29577050272625473   788888888888889920012017000000000007500001000833888888888888899          0900000000000000000000000000000000000000000000000000000   000000000000000000000010009        170192957705     
0010001300226U 090000000000000000000000000000000000000000000000000000000000000000000000000000000000000000000000000000000000000000000000002004201700000000            000000000000000                              000                           
0010001300227T 090180230000001544772 29577050272852038   78888888888888992001201700000000001000000103049X888888888888899          0900000000000000000000000000000000000000000000000000000   000000000000000000000010009        170192957705     
0010001300228U 090000000000000000000000000000000000000000000000000000000000000000000000000000000000000000000000000000000000000000000000002004201700000000            000000000000000                              000                           
0010001300229T 090180230000001544772 29577050272904129   788888888888889920012017000000000007500001012408888888888888899          0900000000000000000000000000000000000000000000000000000   000000000000000000000010009        170192957705     
0010001300230U 090000000000000000000000000000000000000000000000000000000000000000000000000000000000000000000000000000000000000000000000002004201700000000            000000000000000                              000                           
0010001300231T 090180230000001544772 29577050273018079   78888888888888992001201700000000000750000103049X888888888888899          0900000000000000000000000000000000000000000000000000000   000000000000000000000010009        170192957705     
0010001300232U 090000000000000000000000000000000000000000000000000000000000000000000000000000000000000000000000000000000000000000000000002004201700000000            000000000000000                              000                           
0010001300233T 090180230000001544772 29577050273213018   788888888888889920012017000000000007500001012408888888888888899          0900000000000000000000000000000000000000000000000000000   000000000000000000000010009        170192957705     
0010001300234U 090000000000000000000000000000000000000000000000000000000000000000000000000000000000000000000000000000000000000000000000002004201700000000            000000000000000                              000                           
0010001300235T 090180230000001544772 29577050273355731   788888888888889920012017000000000007500001000213888888888888899          0900000000000000000000000000000000000000000000000000000   000000000000000000000010009        170192957705     
0010001300236U 090000000000000000000000000000000000000000000000000000000000000000000000000000000000000000000000000000000000000000000000002004201700000000            000000000000000                              000                           
0010001300237T 090180230000001544772 29577050273439178   788888888888889920012017000000000007500001008060888888888888899          0900000000000000000000000000000000000000000000000000000   000000000000000000000010009        170192957705     
0010001300238U 090000000000000000000000000000000000000000000000000000000000000000000000000000000000000000000000000000000000000000000000002004201700000000            000000000000000                              000                           
0010001300239T 090180230000001544772 29577050273527630   78888888888888992001201700000000000750000103049X888888888888899          0900000000000000000000000000000000000000000000000000000   000000000000000000000010009        170192957705     
0010001300240U 090000000000000000000000000000000000000000000000000000000000000000000000000000000000000000000000000000000000000000000000002004201700000000            000000000000000                              000                           
0010001300241T 090180230000001544772 29577050273622074   788888888888889920012017000000000010000001008060888888888888899          0900000000000000000000000000000000000000000000000000000   000000000000000000000010009        170192957705     
0010001300242U 090000000000000000000000000000000000000000000000000000000000000000000000000000000000000000000000000000000000000000000000002004201700000000            000000000000000                              000                           
0010001300243T 090180230000001544772 29577050273647640   788888888888889920012017000000000010000001008060888888888888899          0900000000000000000000000000000000000000000000000000000   000000000000000000000010009        170192957705     
0010001300244U 090000000000000000000000000000000000000000000000000000000000000000000000000000000000000000000000000000000000000000000000002004201700000000            000000000000000                              000                           
0010001300245T 090180230000001544772 29577050273740572   788888888888889920012017000000000007500001001554888888888888899          0900000000000000000000000000000000000000000000000000000   000000000000000000000010009        170192957705     
0010001300246U 090000000000000000000000000000000000000000000000000000000000000000000000000000000000000000000000000000000000000000000000002004201700000000            000000000000000                              000                           
0010001300247T 280180230000001544772 29577050013838605   7               19022017000000000007500001000000                         0900000000000000000000000000000000000000000000000000000   000000000000000000000005002        170192957705     
0010001300248U 280000000000000000000000000000000000000000000000000000000000000000000000000000000000000000000000000000000000000000000000002004201700000000            000000000000000                              000                           
0010001300249T 280180230000001544772 29577050068857313   7               19022017000000000007500001000000                         0900000000000000000000000000000000000000000000000000000   000000000000000000000005002        170192957705     
0010001300250U 280000000000000000000000000000000000000000000000000000000000000000000000000000000000000000000000000000000000000000000000002004201700000000            000000000000000                              000                           
0010001300251T 280180230000001544772 29577050086928775   7               19022017000000000007500001000000                         0900000000000000000000000000000000000000000000000000000   000000000000000000000005002        170192957705     
0010001300252U 280000000000000000000000000000000000000000000000000000000000000000000000000000000000000000000000000000000000000000000000002004201700000000            000000000000000                              000                           
0010001300253T 280180230000001544772 29577050093610885   7               19022017000000000007500001000000                         0900000000000000000000000000000000000000000000000000000   000000000000000000000005002        170192957705     
0010001300254U 280000000000000000000000000000000000000000000000000000000000000000000000000000000000000000000000000000000000000000000000002004201700000000            000000000000000                              000                           
0010001300255T 280180230000001544772 29577050104129254   7               19022017000000000007500001000000                         0900000000000000000000000000000000000000000000000000000   000000000000000000000005002        170192957705     
0010001300256U 280000000000000000000000000000000000000000000000000000000000000000000000000000000000000000000000000000000000000000000000002004201700000000            000000000000000                              000                           
0010001300257T 280180230000001544772 29577050104535249   7               21032017000000000007500001000000                         0900000000000000000000000000000000000000000000000000000   000000000000000000000005002        170192957705     
0010001300258U 280000000000000000000000000000000000000000000000000000000000000000000000000000000000000000000000000000000000000000000000002004201700000000            000000000000000                              000                           
0010001300259T 280180230000001544772 29577050121314770   7               19022017000000000007500001000000                         0900000000000000000000000000000000000000000000000000000   000000000000000000000005002        170192957705     
0010001300260U 280000000000000000000000000000000000000000000000000000000000000000000000000000000000000000000000000000000000000000000000002004201700000000            000000000000000                              000                           
0010001300261T 280180230000001544772 29577050155815689   7               19022017000000000007500001000000                         0900000000000000000000000000000000000000000000000000000   000000000000000000000005002        170192957705     
0010001300262U 280000000000000000000000000000000000000000000000000000000000000000000000000000000000000000000000000000000000000000000000002004201700000000            000000000000000                              000                           
0010001300263T 280180230000001544772 29577050170831608   7               21032017000000000007500001000000                         0900000000000000000000000000000000000000000000000000000   000000000000000000000005002        170192957705     
0010001300264U 280000000000000000000000000000000000000000000000000000000000000000000000000000000000000000000000000000000000000000000000002004201700000000            000000000000000                              000                           
0010001300265T 280180230000001544772 29577050208351761   7               19022017000000000007500001000000                         0900000000000000000000000000000000000000000000000000000   000000000000000000000005002        170192957705     
0010001300266U 280000000000000000000000000000000000000000000000000000000000000000000000000000000000000000000000000000000000000000000000002004201700000000            000000000000000                              000                           
0010001300267T 280180230000001544772 29577050216620168   7               19022017000000000007500001000000                         0900000000000000000000000000000000000000000000000000000   000000000000000000000005002        170192957705     
0010001300268U 280000000000000000000000000000000000000000000000000000000000000000000000000000000000000000000000000000000000000000000000002004201700000000            000000000000000                              000                           
0010001300269T 280180230000001544772 29577050240932743   7               19022017000000000007500001000000                         0900000000000000000000000000000000000000000000000000000   000000000000000000000005002        170192957705     
0010001300270U 280000000000000000000000000000000000000000000000000000000000000000000000000000000000000000000000000000000000000000000000002004201700000000            000000000000000                              000                           
0010001300271T 280180230000001544772 29577050258230875   7               21032017000000000007500001000000                         0900000000000000000000000000000000000000000000000000000   000000000000000000000005002        170192957705     
0010001300272U 280000000000000000000000000000000000000000000000000000000000000000000000000000000000000000000000000000000000000000000000002004201700000000            000000000000000                              000                           
0010001300273T 280180230000001544772 29577050259841908   7               19022017000000000007500001000000                         0900000000000000000000000000000000000000000000000000000   000000000000000000000005002        170192957705     
0010001300274U 280000000000000000000000000000000000000000000000000000000000000000000000000000000000000000000000000000000000000000000000002004201700000000            000000000000000                              000                           
0010001300275T 280180230000001544772 29577050284551383   7               19022017000000000007500001000000                         0900000000000000000000000000000000000000000000000000000   000000000000000000000005002        170192957705     
0010001300276U 280000000000000000000000000000000000000000000000000000000000000000000000000000000000000000000000000000000000000000000000002004201700000000            000000000000000                              000                           
0010001300277T 280180230000001544772 29577050335639617   7               19022017000000000007500001000000                         0900000000000000000000000000000000000000000000000000000   000000000000000000000005002        170192957705     
0010001300278U 280000000000000000000000000000000000000000000000000000000000000000000000000000000000000000000000000000000000000000000000002004201700000000            000000000000000                              000                           
0010001300279T 280180230000001544772 29577050356229231   7               21032017000000000007500001000000                         0900000000000000000000000000000000000000000000000000000   000000000000000000000005002        170192957705     
0010001300280U 280000000000000000000000000000000000000000000000000000000000000000000000000000000000000000000000000000000000000000000000002004201700000000            000000000000000                              000                           
0010001300281T 280180230000001544772 29577050357719162   7               19022017000000000007500001000000                         0900000000000000000000000000000000000000000000000000000   000000000000000000000005002        170192957705     
0010001300282U 280000000000000000000000000000000000000000000000000000000000000000000000000000000000000000000000000000000000000000000000002004201700000000            000000000000000                              000                           
0010001300283T 280180230000001544772 29577050383532087   7               19022017000000000007500001000000                         0900000000000000000000000000000000000000000000000000000   000000000000000000000005002        170192957705     
0010001300284U 280000000000000000000000000000000000000000000000000000000000000000000000000000000000000000000000000000000000000000000000002004201700000000            000000000000000                              000                           
0010001300285T 280180230000001544772 29577050389319210   7               19022017000000000007500001000000                         0900000000000000000000000000000000000000000000000000000   000000000000000000000005002        170192957705     
0010001300286U 280000000000000000000000000000000000000000000000000000000000000000000000000000000000000000000000000000000000000000000000002004201700000000            000000000000000                              000                           
0010001300287T 280180230000001544772 29577050397738802   7               19022017000000000007500001000000                         0900000000000000000000000000000000000000000000000000000   000000000000000000000005002        170192957705     
0010001300288U 280000000000000000000000000000000000000000000000000000000000000000000000000000000000000000000000000000000000000000000000002004201700000000            000000000000000                              000                           
0010001300289T 280180230000001544772 29577050403710437   7               19022017000000000007500001000000                         0900000000000000000000000000000000000000000000000000000   000000000000000000000005002        170192957705     
0010001300290U 280000000000000000000000000000000000000000000000000000000000000000000000000000000000000000000000000000000000000000000000002004201700000000            000000000000000                              000                           
0010001300291T 280180230000001544772 29577050424248248   7               19022017000000000007500001000000                         0900000000000000000000000000000000000000000000000000000   000000000000000000000005002        170192957705     
0010001300292U 280000000000000000000000000000000000000000000000000000000000000000000000000000000000000000000000000000000000000000000000002004201700000000            000000000000000                              000                           
0010001300293T 280180230000001544772 29577050439549358   7               19022017000000000007500001000000                         0900000000000000000000000000000000000000000000000000000   000000000000000000000005002        170192957705     
0010001300294U 280000000000000000000000000000000000000000000000000000000000000000000000000000000000000000000000000000000000000000000000002004201700000000            000000000000000                              000                           
0010001300295T 280180230000001544772 29577050476453041   7               19022017000000000007500001000000                         0900000000000000000000000000000000000000000000000000000   000000000000000000000005002        170192957705     
0010001300296U 280000000000000000000000000000000000000000000000000000000000000000000000000000000000000000000000000000000000000000000000002004201700000000            000000000000000                              000                           
0010001300297T 280180230000001544772 29577050509630886   7               19022017000000000010000001000000                         0900000000000000000000000000000000000000000000000000000   000000000000000000000005002        170192957705     
0010001300298U 280000000000000000000000000000000000000000000000000000000000000000000000000000000000000000000000000000000000000000000000002004201700000000            000000000000000                              000                           
0010001300299T 280180230000001544772 29577050510616261   7               19022017000000000007500001000000                         0900000000000000000000000000000000000000000000000000000   000000000000000000000005002        170192957705     
0010001300300U 280000000000000000000000000000000000000000000000000000000000000000000000000000000000000000000000000000000000000000000000002004201700000000            000000000000000                              000                           
0010001300301T 280180230000001544772 29577050529427692   7               19022017000000000007500001000000                         0900000000000000000000000000000000000000000000000000000   000000000000000000000005002        170192957705     
0010001300302U 280000000000000000000000000000000000000000000000000000000000000000000000000000000000000000000000000000000000000000000000002004201700000000            000000000000000                              000                           
0010001300303T 280180230000001544772 29577050733342210   7               19022017000000000007500001000000                         0900000000000000000000000000000000000000000000000000000   000000000000000000000005002        170192957705     
0010001300304U 280000000000000000000000000000000000000000000000000000000000000000000000000000000000000000000000000000000000000000000000002004201700000000            000000000000000                              000                           
0010001300305T 280180230000001544772 29577050735649560   7               19022017000000000007500001000000                         0900000000000000000000000000000000000000000000000000000   000000000000000000000005002        170192957705     
0010001300306U 280000000000000000000000000000000000000000000000000000000000000000000000000000000000000000000000000000000000000000000000002004201700000000            000000000000000                              000                           
0010001300307T 280180230000001544772 29577050736251908   7               19022017000000000007500001000000                         0900000000000000000000000000000000000000000000000000000   000000000000000000000005002        170192957705     
0010001300308U 280000000000000000000000000000000000000000000000000000000000000000000000000000000000000000000000000000000000000000000000002004201700000000            000000000000000                              000                           
0010001300309T 280180230000001544772 29577050736544175   7               19022017000000000007500001000000                         0900000000000000000000000000000000000000000000000000000   000000000000000000000005002        170192957705     
0010001300310U 280000000000000000000000000000000000000000000000000000000000000000000000000000000000000000000000000000000000000000000000002004201700000000            000000000000000                              000                           
0010001300311T 280180230000001544772 29577050736611896   7               19022017000000000007500001000000                         0900000000000000000000000000000000000000000000000000000   000000000000000000000005002        170192957705     
0010001300312U 280000000000000000000000000000000000000000000000000000000000000000000000000000000000000000000000000000000000000000000000002004201700000000            000000000000000                              000                           
0010001300313T 280180230000001544772 29577050737453599   7               19022017000000000007500001000000                         0900000000000000000000000000000000000000000000000000000   000000000000000000000005002        170192957705     
0010001300314U 280000000000000000000000000000000000000000000000000000000000000000000000000000000000000000000000000000000000000000000000002004201700000000            000000000000000                              000                           
0010001300315T 280180230000001544772 29577050737739679   7               19022017000000000007500001000000                         0900000000000000000000000000000000000000000000000000000   000000000000000000000005002        170192957705     
0010001300316U 280000000000000000000000000000000000000000000000000000000000000000000000000000000000000000000000000000000000000000000000002004201700000000            000000000000000                              000                           
0010001300317T 280180230000001544772 29577050737742924   7               19022017000000000007500001000000                         0900000000000000000000000000000000000000000000000000000   000000000000000000000005002        170192957705     
0010001300318U 280000000000000000000000000000000000000000000000000000000000000000000000000000000000000000000000000000000000000000000000002004201700000000            000000000000000                              000                           
0010001300319T 280180230000001544772 29577050738051052   7               19022017000000000007500001000000                         0900000000000000000000000000000000000000000000000000000   000000000000000000000005002        170192957705     
0010001300320U 280000000000000000000000000000000000000000000000000000000000000000000000000000000000000000000000000000000000000000000000002004201700000000            000000000000000                              000                           
0010001300321T 280180230000001544772 29577050738805744   7               19022017000000000007500001000000                         0900000000000000000000000000000000000000000000000000000   000000000000000000000005002        170192957705     
0010001300322U 280000000000000000000000000000000000000000000000000000000000000000000000000000000000000000000000000000000000000000000000002004201700000000            000000000000000                              000                           
0010001300323T 280180230000001544772 29577050739602304   7               19022017000000000007500001000000                         0900000000000000000000000000000000000000000000000000000   000000000000000000000005002        170192957705     
0010001300324U 280000000000000000000000000000000000000000000000000000000000000000000000000000000000000000000000000000000000000000000000002004201700000000            000000000000000                              000                           
0010001300325T 280180230000001544772 29577050739617523   7               19022017000000000007500001000000                         0900000000000000000000000000000000000000000000000000000   000000000000000000000005002        170192957705     
0010001300326U 280000000000000000000000000000000000000000000000000000000000000000000000000000000000000000000000000000000000000000000000002004201700000000            000000000000000                              000                           
0010001300327T 280180230000001544772 29577050739631594   7               19022017000000000007500001000000                         0900000000000000000000000000000000000000000000000000000   000000000000000000000005002        170192957705     
0010001300328U 280000000000000000000000000000000000000000000000000000000000000000000000000000000000000000000000000000000000000000000000002004201700000000            000000000000000                              000                           
0010001300329T 280180230000001544772 29577050739648323   7               19022017000000000007500001000000                         0900000000000000000000000000000000000000000000000000000   000000000000000000000005002        170192957705     
0010001300330U 280000000000000000000000000000000000000000000000000000000000000000000000000000000000000000000000000000000000000000000000002004201700000000            000000000000000                              000                           
0010001300331T 280180230000001544772 29577050740207883   7               19022017000000000007500001000000                         0900000000000000000000000000000000000000000000000000000   000000000000000000000005002        170192957705     
0010001300332U 280000000000000000000000000000000000000000000000000000000000000000000000000000000000000000000000000000000000000000000000002004201700000000            000000000000000                              000                           
0010001300333T 280180230000001544772 29577050741424049   7               19022017000000000007500001000000                         0900000000000000000000000000000000000000000000000000000   000000000000000000000005002        170192957705     
0010001300334U 280000000000000000000000000000000000000000000000000000000000000000000000000000000000000000000000000000000000000000000000002004201700000000            000000000000000                              000                           
0010001300335T 280180230000001544772 29577050741629282   7               19022017000000000007500001000000                         0900000000000000000000000000000000000000000000000000000   000000000000000000000005002        170192957705     
0010001300336U 280000000000000000000000000000000000000000000000000000000000000000000000000000000000000000000000000000000000000000000000002004201700000000            000000000000000                              000                           
0010001300337T 280180230000001544772 29577050742626149   7               19022017000000000007500001000000                         0900000000000000000000000000000000000000000000000000000   000000000000000000000005002        170192957705     
0010001300338U 280000000000000000000000000000000000000000000000000000000000000000000000000000000000000000000000000000000000000000000000002004201700000000            000000000000000                              000                           
0010001300339T 280180230000001544772 29577050743849975   7               19022017000000000007500001000000                         0900000000000000000000000000000000000000000000000000000   000000000000000000000005002        170192957705     
0010001300340U 280000000000000000000000000000000000000000000000000000000000000000000000000000000000000000000000000000000000000000000000002004201700000000            000000000000000                              000                           
0010001300341T 280180230000001544772 29577050744406109   7               19022017000000000007500001000000                         0900000000000000000000000000000000000000000000000000000   000000000000000000000005002        170192957705     
0010001300342U 280000000000000000000000000000000000000000000000000000000000000000000000000000000000000000000000000000000000000000000000002004201700000000            000000000000000                              000                           
0010001300343T 280180230000001544772 29577050744655483   7               19022017000000000007500001000000                         0900000000000000000000000000000000000000000000000000000   000000000000000000000005002        170192957705     
0010001300344U 280000000000000000000000000000000000000000000000000000000000000000000000000000000000000000000000000000000000000000000000002004201700000000            000000000000000                              000                           
0010001300345T 280180230000001544772 29577050744856050   7               19022017000000000007500001000000                         0900000000000000000000000000000000000000000000000000000   000000000000000000000005002        170192957705     
0010001300346U 280000000000000000000000000000000000000000000000000000000000000000000000000000000000000000000000000000000000000000000000002004201700000000            000000000000000                              000                           
0010001300347T 280180230000001544772 29577050746928426   7               19022017000000000007500001000000                         0900000000000000000000000000000000000000000000000000000   000000000000000000000005002        170192957705     
0010001300348U 280000000000000000000000000000000000000000000000000000000000000000000000000000000000000000000000000000000000000000000000002004201700000000            000000000000000                              000                           
0010001300349T 280180230000001544772 29577050750102584   7               19022017000000000007500001000000                         0900000000000000000000000000000000000000000000000000000   000000000000000000000005002        170192957705     
0010001300350U 280000000000000000000000000000000000000000000000000000000000000000000000000000000000000000000000000000000000000000000000002004201700000000            000000000000000                              000                           
0010001300351T 280180230000001544772 29577050750635249   7               19022017000000000007500001000000                         0900000000000000000000000000000000000000000000000000000   000000000000000000000005002        170192957705     
0010001300352U 280000000000000000000000000000000000000000000000000000000000000000000000000000000000000000000000000000000000000000000000002004201700000000            000000000000000                              000                           
0010001300353T 280180230000001544772 29577050753659625   7               19022017000000000007500001000000                         0900000000000000000000000000000000000000000000000000000   000000000000000000000005002        170192957705     
0010001300354U 280000000000000000000000000000000000000000000000000000000000000000000000000000000000000000000000000000000000000000000000002004201700000000            000000000000000                              000                           
0010001300355T 280180230000001544772 29577050755417678   7               19022017000000000007500001000000                         0900000000000000000000000000000000000000000000000000000   000000000000000000000005002        170192957705     
0010001300356U 280000000000000000000000000000000000000000000000000000000000000000000000000000000000000000000000000000000000000000000000002004201700000000            000000000000000                              000                           
0010001300357T 280180230000001544772 29577050756847047   7               19022017000000000007500001000000                         0900000000000000000000000000000000000000000000000000000   000000000000000000000005002        170192957705     
0010001300358U 280000000000000000000000000000000000000000000000000000000000000000000000000000000000000000000000000000000000000000000000002004201700000000            000000000000000                              000                           
0010001300359T 280180230000001544772 29577050757415072   7               19022017000000000007500001000000                         0900000000000000000000000000000000000000000000000000000   000000000000000000000005002        170192957705     
0010001300360U 280000000000000000000000000000000000000000000000000000000000000000000000000000000000000000000000000000000000000000000000002004201700000000            000000000000000                              000                           
0010001300361T 280180230000001544772 29577050757439964   7               19022017000000000007500001000000                         0900000000000000000000000000000000000000000000000000000   000000000000000000000005002        170192957705     
0010001300362U 280000000000000000000000000000000000000000000000000000000000000000000000000000000000000000000000000000000000000000000000002004201700000000            000000000000000                              000                           
0010001300363T 280180230000001544772 29577050757451984   7               19022017000000000007500001000000                         0900000000000000000000000000000000000000000000000000000   000000000000000000000005002        170192957705     
0010001300364U 280000000000000000000000000000000000000000000000000000000000000000000000000000000000000000000000000000000000000000000000002004201700000000            000000000000000                              000                           
0010001300365T 280180230000001544772 29577051120115518   7               21032017000000000007500001000000                         0900000000000000000000000000000000000000000000000000000   000000000000000000000005002        170192957705     
0010001300366U 280000000000000000000000000000000000000000000000000000000000000000000000000000000000000000000000000000000000000000000000002004201700000000            000000000000000                              000                           
0010001300367T 280180230000001544772 29577051157348473   7               21032017000000000007500001000000                         0900000000000000000000000000000000000000000000000000000   000000000000000000000005002        170192957705     
0010001300368U 280000000000000000000000000000000000000000000000000000000000000000000000000000000000000000000000000000000000000000000000002004201700000000            000000000000000                              000                           
0010001300369T 280180230000001544772 29577051252047510   7               21032017000000000007500001000000                         0900000000000000000000000000000000000000000000000000000   000000000000000000000005002        170192957705     
0010001300370U 280000000000000000000000000000000000000000000000000000000000000000000000000000000000000000000000000000000000000000000000002004201700000000            000000000000000                              000                           
0010001300371T 280180230000001544772 29577051252206888   7               21032017000000000007500001000000                         0900000000000000000000000000000000000000000000000000000   000000000000000000000005002        170192957705     
0010001300372U 280000000000000000000000000000000000000000000000000000000000000000000000000000000000000000000000000000000000000000000000002004201700000000            000000000000000                              000                           
0010001300373T 280180230000001544772 29577051348655734   7               21032017000000000007500001000000                         0900000000000000000000000000000000000000000000000000000   000000000000000000000005002        170192957705     
0010001300374U 280000000000000000000000000000000000000000000000000000000000000000000000000000000000000000000000000000000000000000000000002004201700000000            000000000000000                              000                           
0010001300375T 280180230000001544772 29577051348813463   7               21032017000000000007500001000000                         0900000000000000000000000000000000000000000000000000000   000000000000000000000005002        170192957705     
0010001300376U 280000000000000000000000000000000000000000000000000000000000000000000000000000000000000000000000000000000000000000000000002004201700000000            000000000000000                              000                           
0010001300377T 280180230000001544772 29577051349139958   7               21032017000000000010000001000000                         0900000000000000000000000000000000000000000000000000000   000000000000000000000005002        170192957705     
0010001300378U 280000000000000000000000000000000000000000000000000000000000000000000000000000000000000000000000000000000000000000000000002004201700000000            000000000000000                              000                           
0010001300379T 280180230000001544772 29577051350650205   7               21032017000000000007500001000000                         0900000000000000000000000000000000000000000000000000000   000000000000000000000005002        170192957705     
0010001300380U 280000000000000000000000000000000000000000000000000000000000000000000000000000000000000000000000000000000000000000000000002004201700000000            000000000000000                              000                           
0010001300381T 280180230000001544772 29577051353916966   7               21032017000000000007500001000000                         0900000000000000000000000000000000000000000000000000000   000000000000000000000005002        170192957705     
0010001300382U 280000000000000000000000000000000000000000000000000000000000000000000000000000000000000000000000000000000000000000000000002004201700000000            000000000000000                              000                           
00100015         000384005025000000000384345000000000000000000000000000000000000000000000000000000000000000000000000000000000000000000000000000000                                                                                              
00199999         000001000386000000                                                                                                                                                            00000000000000000000000000000                    
