00100000         2247745860001000029647040014       0180230000002544776 INSTITUTO DE SELECAO E TECNOLOBANCO DO BRASIL                         21302201702330900002203000000515122941PROCESSAMEN                                                 
00100011T0100020 20247745860001000029647040014       0180230000002544776 INSTITUTO DE SELECAO E TECNOLO                                                                                000000001302201700000000  000000000                      
0010001300001T 020180230000002544776 29647040481114102   7               13022017000000000006000001000213                         0900000000000010000000000000000000000000000000000000000   0000000000000000000000000A9        170192964704     
0010001300002U 020000000000000000000000000000000000000000000000000000000000000000000000000000000000000000000000000000000000000000000000001102201700000000            000000000000000                              000                           
0010001300003T 020180230000002544776 29647040481136684   7               13022017000000000006000001030864                         0900000000000010000000000000000000000000000000000000000   0000000000000000000000000A9        170192964704     
0010001300004U 020000000000000000000000000000000000000000000000000000000000000000000000000000000000000000000000000000000000000000000000001102201700000000            000000000000000                              000                           
0010001300005T 020180230000002544776 29647040481139713   7               13022017000000000006000001000213                         0900000000000010000000000000000000000000000000000000000   0000000000000000000000000A9        170192964704     
0010001300006U 020000000000000000000000000000000000000000000000000000000000000000000000000000000000000000000000000000000000000000000000001102201700000000            000000000000000                              000                           
0010001300007T 020180230000002544776 29647040481142558   7               13022017000000000006000001000213                         0900000000000010000000000000000000000000000000000000000   0000000000000000000000000A9        170192964704     
0010001300008U 020000000000000000000000000000000000000000000000000000000000000000000000000000000000000000000000000000000000000000000000001102201700000000            000000000000000                              000                           
0010001300009T 020180230000002544776 29647040486706867   7               13022017000000000006000001030864                         0900000000000010000000000000000000000000000000000000000   0000000000000000000000000A9        170192964704     
0010001300010U 020000000000000000000000000000000000000000000000000000000000000000000000000000000000000000000000000000000000000000000000001102201700000000            000000000000000                              000                           
0010001300011T 020180230000002544776 29647040486944220   7               14022017000000000006000001000213                         0900000000000010000000000000000000000000000000000000000   0000000000000000000000000A9        170192964704     
0010001300012U 020000000000000000000000000000000000000000000000000000000000000000000000000000000000000000000000000000000000000000000000001202201700000000            000000000000000                              000                           
0010001300013T 020180230000002544776 29647040486947252   7               14022017000000000006000001000213                         0900000000000010000000000000000000000000000000000000000   0000000000000000000000000A9        170192964704     
0010001300014U 020000000000000000000000000000000000000000000000000000000000000000000000000000000000000000000000000000000000000000000000001202201700000000            000000000000000                              000                           
0010001300015T 020180230000002544776 29647040506056570   7               15022017000000000006000001009849                         0900000000000010000000000000000000000000000000000000000   0000000000000000000000000A9        170192964704     
0010001300016U 020000000000000000000000000000000000000000000000000000000000000000000000000000000000000000000000000000000000000000000000001302201700000000            000000000000000                              000                           
0010001300017T 020180230000002544776 29647040508543011   7               15022017000000000006000001008214                         0900000000000010000000000000000000000000000000000000000   0000000000000000000000000A9        170192964704     
0010001300018U 020000000000000000000000000000000000000000000000000000000000000000000000000000000000000000000000000000000000000000000000001302201700000000            000000000000000                              000                           
0010001300019T 020180230000002544776 29647040509258749   7               15022017000000000006000001012467                         0900000000000010000000000000000000000000000000000000000   0000000000000000000000000A9        170192964704     
0010001300020U 020000000000000000000000000000000000000000000000000000000000000000000000000000000000000000000000000000000000000000000000001302201700000000            000000000000000                              000                           
0010001300021T 020180230000002544776 29647040514004370   7               15022017000000000006000001016438                         0900000000000010000000000000000000000000000000000000000   0000000000000000000000000A9        170192964704     
0010001300022U 020000000000000000000000000000000000000000000000000000000000000000000000000000000000000000000000000000000000000000000000001302201700000000            000000000000000                              000                           
0010001300023T 020180230000002544776 29647040528259896   7               15022017000000000006000001023353                         0900000000000010000000000000000000000000000000000000000   0000000000000000000000000A9        170192964704     
0010001300024U 020000000000000000000000000000000000000000000000000000000000000000000000000000000000000000000000000000000000000000000000001302201700000000            000000000000000                              000                           
0010001300025T 020180230000002544776 29647040529830686   7               15022017000000000006000001028029                         0900000000000010000000000000000000000000000000000000000   0000000000000000000000000A9        170192964704     
0010001300026U 020000000000000000000000000000000000000000000000000000000000000000000000000000000000000000000000000000000000000000000000001302201700000000            000000000000000                              000                           
00100015         000028000013000000000000780000000000000000000000000000000000000000000000000000000000000000000000000000000000000000000000000000000                                                                                              
00199999         000001000030000000                                                                                                                                                            00000000000000000000000000000                    
