00100000         2247745860001000029647040014       0180230000002544776 INSTITUTO DE SELECAO E TECNOLOBANCO DO BRASIL                         22302201701281900003803000000515122941PROCESSAMEN                                                 
00100011T0100020 20247745860001000029647040014       0180230000002544776 INSTITUTO DE SELECAO E TECNOLO                                                                                000000002302201700000000  000000000                      
0010001300001T 020180230000002544776 29647040544236554   7               25022017000000000008000001002542                         0900000000000010000000000000000000000000000000000000000   0000000000000000000000000A9        170192964704     
0010001300002U 020000000000000000000000000000000000000000000000000000000000000000000000000000000000000000000000000000000000000000000000002302201700000000            000000000000000                              000                           
0010001300003T 020180230000002544776 29647040566913083   7               25022017000000000006000001011274                         0900000000000010000000000000000000000000000000000000000   0000000000000000000000000A9        170192964704     
0010001300004U 020000000000000000000000000000000000000000000000000000000000000000000000000000000000000000000000000000000000000000000000002302201700000000            000000000000000                              000                           
0010001300005T 020180230000002544776 29647040574712715   7               25022017000000000006000001005428                         0900000000000010000000000000000000000000000000000000000   0000000000000000000000000A9        170192964704     
0010001300006U 020000000000000000000000000000000000000000000000000000000000000000000000000000000000000000000000000000000000000000000000002302201700000000            000000000000000                              000                           
0010001300007T 020180230000002544776 29647040598653806   7               25022017000000000006000001016179                         0900000000000010000000000000000000000000000000000000000   0000000000000000000000000A9        170192964704     
0010001300008U 020000000000000000000000000000000000000000000000000000000000000000000000000000000000000000000000000000000000000000000000002302201700000000            000000000000000                              000                           
0010001300009T 020180230000002544776 29647040615130973   7               25022017000000000008000001016179                         0900000000000010000000000000000000000000000000000000000   0000000000000000000000000A9        170192964704     
0010001300010U 020000000000000000000000000000000000000000000000000000000000000000000000000000000000000000000000000000000000000000000000002302201700000000            000000000000000                              000                           
0010001300011T 020180230000002544776 29647040615158023   7               25022017000000000008000001016179                         0900000000000010000000000000000000000000000000000000000   0000000000000000000000000A9        170192964704     
0010001300012U 020000000000000000000000000000000000000000000000000000000000000000000000000000000000000000000000000000000000000000000000002302201700000000            000000000000000                              000                           
0010001300013T 020180230000002544776 29647040620807617   7               25022017000000000006000001000132                         0900000000000010000000000000000000000000000000000000000   0000000000000000000000000A9        170192964704     
0010001300014U 020000000000000000000000000000000000000000000000000000000000000000000000000000000000000000000000000000000000000000000000002302201700000000            000000000000000                              000                           
0010001300015T 020180230000002544776 29647040636708682   7               25022017000000000006000001000132                         0900000000000010000000000000000000000000000000000000000   0000000000000000000000000A9        170192964704     
0010001300016U 020000000000000000000000000000000000000000000000000000000000000000000000000000000000000000000000000000000000000000000000002302201700000000            000000000000000                              000                           
0010001300017T 020180230000002544776 29647040639223670   7               25022017000000000006000001012467                         0900000000000010000000000000000000000000000000000000000   0000000000000000000000000A9        170192964704     
0010001300018U 020000000000000000000000000000000000000000000000000000000000000000000000000000000000000000000000000000000000000000000000002302201700000000            000000000000000                              000                           
0010001300019T 020180230000002544776 29647040639253926   7               25022017000000000006000001012467                         0900000000000010000000000000000000000000000000000000000   0000000000000000000000000A9        170192964704     
0010001300020U 020000000000000000000000000000000000000000000000000000000000000000000000000000000000000000000000000000000000000000000000002302201700000000            000000000000000                              000                           
0010001300021T 020180230000002544776 29647040645250869   7               2502201700000000000600000101138X                         0900000000000010000000000000000000000000000000000000000   0000000000000000000000000A9        170192964704     
0010001300022U 020000000000000000000000000000000000000000000000000000000000000000000000000000000000000000000000000000000000000000000000002302201700000000            000000000000000                              000                           
0010001300023T 020180230000002544776 29647040668906426   7               25022017000000000006000001023655                         0900000000000010000000000000000000000000000000000000000   0000000000000000000000000A9        170192964704     
0010001300024U 020000000000000000000000000000000000000000000000000000000000000000000000000000000000000000000000000000000000000000000000002302201700000000            000000000000000                              000                           
0010001300025T 020180230000002544776 29647040694939916   7               25022017000000000006000001028029                         0900000000000010000000000000000000000000000000000000000   0000000000000000000000000A9        170192964704     
0010001300026U 020000000000000000000000000000000000000000000000000000000000000000000000000000000000000000000000000000000000000000000000002302201700000000            000000000000000                              000                           
0010001300027T 020180230000002544776 29647040695712547   7               25022017000000000006000001000132                         0900000000000010000000000000000000000000000000000000000   0000000000000000000000000A9        170192964704     
0010001300028U 020000000000000000000000000000000000000000000000000000000000000000000000000000000000000000000000000000000000000000000000002302201700000000            000000000000000                              000                           
0010001300029T 020180230000002544776 29647040705452217   7               25022017000000000008000001000361                         0900000000000010000000000000000000000000000000000000000   0000000000000000000000000A9        170192964704     
0010001300030U 020000000000000000000000000000000000000000000000000000000000000000000000000000000000000000000000000000000000000000000000002302201700000000            000000000000000                              000                           
0010001300031T 020180230000002544776 29647040718426353   7               25022017000000000006000001000132                         0900000000000010000000000000000000000000000000000000000   0000000000000000000000000A9        170192964704     
0010001300032U 020000000000000000000000000000000000000000000000000000000000000000000000000000000000000000000000000000000000000000000000002302201700000000            000000000000000                              000                           
0010001300033T 020180230000002544776 29647040722211766   7               25022017000000000006000001016179                         0900000000000010000000000000000000000000000000000000000   0000000000000000000000000A9        170192964704     
0010001300034U 020000000000000000000000000000000000000000000000000000000000000000000000000000000000000000000000000000000000000000000000002302201700000000            000000000000000                              000                           
0010001300035T 020180230000002544776 29647040722244652   7               25022017000000000006000001016179                         0900000000000010000000000000000000000000000000000000000   0000000000000000000000000A9        170192964704     
0010001300036U 020000000000000000000000000000000000000000000000000000000000000000000000000000000000000000000000000000000000000000000000002302201700000000            000000000000000                              000                           
0010001300037T 020180230000002544776 29647040724325911   7               25022017000000000006000001000132                         0900000000000010000000000000000000000000000000000000000   0000000000000000000000000A9        170192964704     
0010001300038U 020000000000000000000000000000000000000000000000000000000000000000000000000000000000000000000000000000000000000000000000002302201700000000            000000000000000                              000                           
0010001300039T 020180230000002544776 29647040739328064   7               25022017000000000006000001018376                         0900000000000010000000000000000000000000000000000000000   0000000000000000000000000A9        170192964704     
0010001300040U 020000000000000000000000000000000000000000000000000000000000000000000000000000000000000000000000000000000000000000000000002302201700000000            000000000000000                              000                           
0010001300041T 020180230000002544776 29647040739352323   7               25022017000000000006000001018376                         0900000000000010000000000000000000000000000000000000000   0000000000000000000000000A9        170192964704     
0010001300042U 020000000000000000000000000000000000000000000000000000000000000000000000000000000000000000000000000000000000000000000000002302201700000000            000000000000000                              000                           
0010001300043T 020180230000002544776 29647040747928869   7               25022017000000000006000001000132                         0900000000000010500000000000000000000000000000000000000   0000000000000000000000000A9A4      170192964704     
0010001300044U 020000000000000000000000000000000000000000000000000000000000000000000000000000000000000000000000000000000000000000000000002302201700000000            000000000000000                              000                           
0010001300045T 020180230000002544776 29647040749221236   7               25022017000000000006000001020354                         0900000000000010000000000000000000000000000000000000000   0000000000000000000000000A9        170192964704     
0010001300046U 020000000000000000000000000000000000000000000000000000000000000000000000000000000000000000000000000000000000000000000000002302201700000000            000000000000000                              000                           
0010001300047T 020180230000002544776 29647040753505154   7               25022017000000000006000001016179                         0900000000000010000000000000000000000000000000000000000   0000000000000000000000000A9        170192964704     
0010001300048U 020000000000000000000000000000000000000000000000000000000000000000000000000000000000000000000000000000000000000000000000002302201700000000            000000000000000                              000                           
0010001300049T 020180230000002544776 29647040757208432   7               25022017000000000006000001020354                         0900000000000010000000000000000000000000000000000000000   0000000000000000000000000A9        170192964704     
0010001300050U 020000000000000000000000000000000000000000000000000000000000000000000000000000000000000000000000000000000000000000000000002302201700000000            000000000000000                              000                           
0010001300051T 020180230000002544776 29647040762125470   7               24022017000000000006000001020354                         0900000000000010000000000000000000000000000000000000000   0000000000000000000000000A9        170192964704     
0010001300052U 020000000000000000000000000000000000000000000000000000000000000000000000000000000000000000000000000000000000000000000000002202201700000000            000000000000000                              000                           
0010001300053T 020180230000002544776 29647040770541578   7               25022017000000000006000001012467                         0900000000000010000000000000000000000000000000000000000   0000000000000000000000000A9        170192964704     
0010001300054U 020000000000000000000000000000000000000000000000000000000000000000000000000000000000000000000000000000000000000000000000002302201700000000            000000000000000                              000                           
0010001300055T 020180230000002544776 29647040770603677   7               25022017000000000006000001012467                         0900000000000010000000000000000000000000000000000000000   0000000000000000000000000A9        170192964704     
0010001300056U 020000000000000000000000000000000000000000000000000000000000000000000000000000000000000000000000000000000000000000000000002302201700000000            000000000000000                              000                           
0010001300057T 020180230000002544776 29647040774823680   7               25022017000000000006000001006211                         0900000000000010000000000000000000000000000000000000000   0000000000000000000000000A9        170192964704     
0010001300058U 020000000000000000000000000000000000000000000000000000000000000000000000000000000000000000000000000000000000000000000000002302201700000000            000000000000000                              000                           
0010001300059T 020180230000002544776 29647040775650377   7               25022017000000000008000001000132                         0900000000000010000000000000000000000000000000000000000   0000000000000000000000000A9        170192964704     
0010001300060U 020000000000000000000000000000000000000000000000000000000000000000000000000000000000000000000000000000000000000000000000002302201700000000            000000000000000                              000                           
0010001300061T 020180230000002544776 29647040784322648   7               25022017000000000006000001023655                         0900000000000010000000000000000000000000000000000000000   0000000000000000000000000A9        170192964704     
0010001300062U 020000000000000000000000000000000000000000000000000000000000000000000000000000000000000000000000000000000000000000000000002302201700000000            000000000000000                              000                           
0010001300063T 020180230000002544776 29647040792310914   7               25022017000000000008000001033316                         0900000000000010000000000000000000000000000000000000000   0000000000000000000000000A9        170192964704     
0010001300064U 020000000000000000000000000000000000000000000000000000000000000000000000000000000000000000000000000000000000000000000000002302201700000000            000000000000000                              000                           
0010001300065T 020180230000002544776 29647040792313767   7               25022017000000000008000001033316                         0900000000000010000000000000000000000000000000000000000   0000000000000000000000000A9        170192964704     
0010001300066U 020000000000000000000000000000000000000000000000000000000000000000000000000000000000000000000000000000000000000000000000002302201700000000            000000000000000                              000                           
0010001300067T 020180230000002544776 29647040792330084   7               25022017000000000008000001033316                         0900000000000010000000000000000000000000000000000000000   0000000000000000000000000A9        170192964704     
0010001300068U 020000000000000000000000000000000000000000000000000000000000000000000000000000000000000000000000000000000000000000000000002302201700000000            000000000000000                              000                           
0010001300069T 020180230000002544776 29647040792335616   7               25022017000000000008000001033316                         0900000000000010000000000000000000000000000000000000000   0000000000000000000000000A9        170192964704     
0010001300070U 020000000000000000000000000000000000000000000000000000000000000000000000000000000000000000000000000000000000000000000000002302201700000000            000000000000000                              000                           
0010001300071T 020180230000002544776 29647040792346334   7               25022017000000000008000001033316                         0900000000000010000000000000000000000000000000000000000   0000000000000000000000000A9        170192964704     
0010001300072U 020000000000000000000000000000000000000000000000000000000000000000000000000000000000000000000000000000000000000000000000002302201700000000            000000000000000                              000                           
0010001300073T 020180230000002544776 29647040799155503   7               25022017000000000006000001033316                         0900000000000010000000000000000000000000000000000000000   0000000000000000000000000A9        170192964704     
0010001300074U 020000000000000000000000000000000000000000000000000000000000000000000000000000000000000000000000000000000000000000000000002302201700000000            000000000000000                              000                           
0010001300075T 020180230000002544776 29647040800013946   7               25022017000000000006000001028029                         0900000000000010000000000000000000000000000000000000000   0000000000000000000000000A9        170192964704     
0010001300076U 020000000000000000000000000000000000000000000000000000000000000000000000000000000000000000000000000000000000000000000000002302201700000000            000000000000000                              000                           
0010001300077T 020180230000002544776 29647040800047193   7               25022017000000000006000001028029                         0900000000000010000000000000000000000000000000000000000   0000000000000000000000000A9        170192964704     
0010001300078U 020000000000000000000000000000000000000000000000000000000000000000000000000000000000000000000000000000000000000000000000002302201700000000            000000000000000                              000                           
0010001300079T 020180230000002544776 29647040814759786   7               25022017000000000006000001018376                         0900000000000010000000000000000000000000000000000000000   0000000000000000000000000A9        170192964704     
0010001300080U 020000000000000000000000000000000000000000000000000000000000000000000000000000000000000000000000000000000000000000000000002302201700000000            000000000000000                              000                           
0010001300081T 020180230000002544776 29647040816509062   7               25022017000000000006000001025429                         0900000000000010000000000000000000000000000000000000000   0000000000000000000000000A9        170192964704     
0010001300082U 020000000000000000000000000000000000000000000000000000000000000000000000000000000000000000000000000000000000000000000000002302201700000000            000000000000000                              000                           
0010001300083T 020180230000002544776 29647040833701500   7               25022017000000000006000001035041                         0900000000000010000000000000000000000000000000000000000   0000000000000000000000000A9        170192964704     
0010001300084U 020000000000000000000000000000000000000000000000000000000000000000000000000000000000000000000000000000000000000000000000002302201700000000            000000000000000                              000                           
0010001300085T 020180230000002544776 29647040833738643   7               25022017000000000006000001035041                         0900000000000010000000000000000000000000000000000000000   0000000000000000000000000A9        170192964704     
0010001300086U 020000000000000000000000000000000000000000000000000000000000000000000000000000000000000000000000000000000000000000000000002302201700000000            000000000000000                              000                           
0010001300087T 020180230000002544776 29647040837336957   7               25022017000000000006000001016179                         0900000000000010500000000000000000000000000000000000000   0000000000000000000000000A9A4      170192964704     
0010001300088U 020000000000000000000000000000000000000000000000000000000000000000000000000000000000000000000000000000000000000000000000002302201700000000            000000000000000                              000                           
0010001300089T 020180230000002544776 29647040847328112   7               25022017000000000006000001000132                         0900000000000010000000000000000000000000000000000000000   0000000000000000000000000A9        170192964704     
0010001300090U 020000000000000000000000000000000000000000000000000000000000000000000000000000000000000000000000000000000000000000000000002302201700000000            000000000000000                              000                           
0010001300091T 020180230000002544776 29647040847953847   7               25022017000000000006000001000132                         0900000000000010500000000000000000000000000000000000000   0000000000000000000000000A9A4      170192964704     
0010001300092U 020000000000000000000000000000000000000000000000000000000000000000000000000000000000000000000000000000000000000000000000002302201700000000            000000000000000                              000                           
0010001300093T 020180230000002544776 29647040848843052   7               25022017000000000006000001018376                         0900000000000010000000000000000000000000000000000000000   0000000000000000000000000A9        170192964704     
0010001300094U 020000000000000000000000000000000000000000000000000000000000000000000000000000000000000000000000000000000000000000000000002302201700000000            000000000000000                              000                           
0010001300095T 020180230000002544776 29647040853409209   7               25022017000000000006000001012467                         0900000000000010000000000000000000000000000000000000000   0000000000000000000000000A9        170192964704     
0010001300096U 020000000000000000000000000000000000000000000000000000000000000000000000000000000000000000000000000000000000000000000000002302201700000000            000000000000000                              000                           
0010001300097T 020180230000002544776 29647040856811984   7               25022017000000000008000001012467                         0900000000000010000000000000000000000000000000000000000   0000000000000000000000000A9        170192964704     
0010001300098U 020000000000000000000000000000000000000000000000000000000000000000000000000000000000000000000000000000000000000000000000002302201700000000            000000000000000                              000                           
0010001300099T 020180230000002544776 29647040857230580   7               25022017000000000006000001000132                         0900000000000010000000000000000000000000000000000000000   0000000000000000000000000A9        170192964704     
0010001300100U 020000000000000000000000000000000000000000000000000000000000000000000000000000000000000000000000000000000000000000000000002302201700000000            000000000000000                              000                           
0010001300101T 020180230000002544776 29647040857256871   7               25022017000000000006000001000132                         0900000000000010000000000000000000000000000000000000000   0000000000000000000000000A9        170192964704     
0010001300102U 020000000000000000000000000000000000000000000000000000000000000000000000000000000000000000000000000000000000000000000000002302201700000000            000000000000000                              000                           
0010001300103T 020180230000002544776 29647040860101170   7               25022017000000000006000001012467                         0900000000000010000000000000000000000000000000000000000   0000000000000000000000000A9        170192964704     
0010001300104U 020000000000000000000000000000000000000000000000000000000000000000000000000000000000000000000000000000000000000000000000002302201700000000            000000000000000                              000                           
0010001300105T 020180230000002544776 29647040861419350   7               24022017000000000006000001028029                         0900000000000010000000000000000000000000000000000000000   0000000000000000000000000A9        170192964704     
0010001300106U 020000000000000000000000000000000000000000000000000000000000000000000000000000000000000000000000000000000000000000000000002202201700000000            000000000000000                              000                           
0010001300107T 020180230000002544776 29647040864122831   7               25022017000000000008000001000418                         0900000000000010000000000000000000000000000000000000000   0000000000000000000000000A9        170192964704     
0010001300108U 020000000000000000000000000000000000000000000000000000000000000000000000000000000000000000000000000000000000000000000000002302201700000000            000000000000000                              000                           
0010001300109T 020180230000002544776 29647040868629313   7               25022017000000000006000001012467                         0900000000000010000000000000000000000000000000000000000   0000000000000000000000000A9        170192964704     
0010001300110U 020000000000000000000000000000000000000000000000000000000000000000000000000000000000000000000000000000000000000000000000002302201700000000            000000000000000                              000                           
0010001300111T 020180230000002544776 29647040868641919   7               25022017000000000006000001012467                         0900000000000010000000000000000000000000000000000000000   0000000000000000000000000A9        170192964704     
0010001300112U 020000000000000000000000000000000000000000000000000000000000000000000000000000000000000000000000000000000000000000000000002302201700000000            000000000000000                              000                           
0010001300113T 020180230000002544776 29647040879926693   7               25022017000000000006000001006211                         0900000000000010000000000000000000000000000000000000000   0000000000000000000000000A9        170192964704     
0010001300114U 020000000000000000000000000000000000000000000000000000000000000000000000000000000000000000000000000000000000000000000000002302201700000000            000000000000000                              000                           
0010001300115T 020180230000002544776 29647040880136870   7               25022017000000000006000001006211                         0900000000000010000000000000000000000000000000000000000   0000000000000000000000000A9        170192964704     
0010001300116U 020000000000000000000000000000000000000000000000000000000000000000000000000000000000000000000000000000000000000000000000002302201700000000            000000000000000                              000                           
0010001300117T 020180230000002544776 29647040886706906   7               25022017000000000006000001016179                         0900000000000010000000000000000000000000000000000000000   0000000000000000000000000A9        170192964704     
0010001300118U 020000000000000000000000000000000000000000000000000000000000000000000000000000000000000000000000000000000000000000000000002302201700000000            000000000000000                              000                           
0010001300119T 020180230000002544776 29647040886744993   7               25022017000000000006000001016179                         0900000000000010000000000000000000000000000000000000000   0000000000000000000000000A9        170192964704     
0010001300120U 020000000000000000000000000000000000000000000000000000000000000000000000000000000000000000000000000000000000000000000000002302201700000000            000000000000000                              000                           
0010001300121T 020180230000002544776 29647040887300020   7               24022017000000000006000001028029                         0900000000000010000000000000000000000000000000000000000   0000000000000000000000000A9        170192964704     
0010001300122U 020000000000000000000000000000000000000000000000000000000000000000000000000000000000000000000000000000000000000000000000002202201700000000            000000000000000                              000                           
0010001300123T 020180230000002544776 29647040888019197   7               24022017000000000006000001016020                         0900000000000010000000000000000000000000000000000000000   0000000000000000000000000A9        170192964704     
0010001300124U 020000000000000000000000000000000000000000000000000000000000000000000000000000000000000000000000000000000000000000000000002202201700000000            000000000000000                              000                           
0010001300125T 020180230000002544776 29647040888340252   7               24022017000000000006000001024449                         0900000000000010000000000000000000000000000000000000000   0000000000000000000000000A9        170192964704     
0010001300126U 020000000000000000000000000000000000000000000000000000000000000000000000000000000000000000000000000000000000000000000000002202201700000000            000000000000000                              000                           
0010001300127T 020180230000002544776 29647040888353684   7               24022017000000000006000001024449                         0900000000000010000000000000000000000000000000000000000   0000000000000000000000000A9        170192964704     
0010001300128U 020000000000000000000000000000000000000000000000000000000000000000000000000000000000000000000000000000000000000000000000002202201700000000            000000000000000                              000                           
0010001300129T 020180230000002544776 29647040888659609   7               25022017000000000006000001012467                         0900000000000010000000000000000000000000000000000000000   0000000000000000000000000A9        170192964704     
0010001300130U 020000000000000000000000000000000000000000000000000000000000000000000000000000000000000000000000000000000000000000000000002302201700000000            000000000000000                              000                           
0010001300131T 020180230000002544776 29647040888703422   7               25022017000000000006000001028029                         0900000000000010000000000000000000000000000000000000000   0000000000000000000000000A9        170192964704     
0010001300132U 020000000000000000000000000000000000000000000000000000000000000000000000000000000000000000000000000000000000000000000000002302201700000000            000000000000000                              000                           
0010001300133T 020180230000002544776 29647040888806982   7               25022017000000000008000001016179                         0900000000000010000000000000000000000000000000000000000   0000000000000000000000000A9        170192964704     
0010001300134U 020000000000000000000000000000000000000000000000000000000000000000000000000000000000000000000000000000000000000000000000002302201700000000            000000000000000                              000                           
0010001300135T 020180230000002544776 29647040888908012   7               25022017000000000006000001009695                         0900000000000010000000000000000000000000000000000000000   0000000000000000000000000A9        170192964704     
0010001300136U 020000000000000000000000000000000000000000000000000000000000000000000000000000000000000000000000000000000000000000000000002302201700000000            000000000000000                              000                           
0010001300137T 020180230000002544776 29647040888910318   7               25022017000000000006000001009695                         0900000000000010000000000000000000000000000000000000000   0000000000000000000000000A9        170192964704     
0010001300138U 020000000000000000000000000000000000000000000000000000000000000000000000000000000000000000000000000000000000000000000000002302201700000000            000000000000000                              000                           
0010001300139T 020180230000002544776 29647040888946155   7               25022017000000000006000001009695                         0900000000000010000000000000000000000000000000000000000   0000000000000000000000000A9        170192964704     
0010001300140U 020000000000000000000000000000000000000000000000000000000000000000000000000000000000000000000000000000000000000000000000002302201700000000            000000000000000                              000                           
0010001300141T 020180230000002544776 29647040889136661   7               25022017000000000006000001000132                         0900000000000010000000000000000000000000000000000000000   0000000000000000000000000A9        170192964704     
0010001300142U 020000000000000000000000000000000000000000000000000000000000000000000000000000000000000000000000000000000000000000000000002302201700000000            000000000000000                              000                           
0010001300143T 020180230000002544776 29647040889510704   7               25022017000000000006000001035033                         0900000000000010000000000000000000000000000000000000000   0000000000000000000000000A9        170192964704     
0010001300144U 020000000000000000000000000000000000000000000000000000000000000000000000000000000000000000000000000000000000000000000000002302201700000000            000000000000000                              000                           
0010001300145T 020180230000002544776 29647040889934930   7               25022017000000000006000001012467                         0900000000000010000000000000000000000000000000000000000   0000000000000000000000000A9        170192964704     
0010001300146U 020000000000000000000000000000000000000000000000000000000000000000000000000000000000000000000000000000000000000000000000002302201700000000            000000000000000                              000                           
0010001300147T 020180230000002544776 29647040890022185   7               25022017000000000006000001016179                         0900000000000010000000000000000000000000000000000000000   0000000000000000000000000A9        170192964704     
0010001300148U 020000000000000000000000000000000000000000000000000000000000000000000000000000000000000000000000000000000000000000000000002302201700000000            000000000000000                              000                           
0010001300149T 020180230000002544776 29647040890219462   7               25022017000000000006000001020354                         0900000000000010000000000000000000000000000000000000000   0000000000000000000000000A9        170192964704     
0010001300150U 020000000000000000000000000000000000000000000000000000000000000000000000000000000000000000000000000000000000000000000000002302201700000000            000000000000000                              000                           
0010001300151T 020180230000002544776 29647040890348145   7               25022017000000000006000001008214                         0900000000000010000000000000000000000000000000000000000   0000000000000000000000000A9        170192964704     
0010001300152U 020000000000000000000000000000000000000000000000000000000000000000000000000000000000000000000000000000000000000000000000002302201700000000            000000000000000                              000                           
0010001300153T 020180230000002544776 29647040890814624   7               25022017000000000008000001010588                         0900000000000010000000000000000000000000000000000000000   0000000000000000000000000A9        170192964704     
0010001300154U 020000000000000000000000000000000000000000000000000000000000000000000000000000000000000000000000000000000000000000000000002302201700000000            000000000000000                              000                           
0010001300155T 020180230000002544776 29647040890945673   7               25022017000000000006000001016179                         0900000000000010000000000000000000000000000000000000000   0000000000000000000000000A9        170192964704     
0010001300156U 020000000000000000000000000000000000000000000000000000000000000000000000000000000000000000000000000000000000000000000000002302201700000000            000000000000000                              000                           
0010001300157T 020180230000002544776 29647040891219350   7               25022017000000000006000001012467                         0900000000000010000000000000000000000000000000000000000   0000000000000000000000000A9        170192964704     
0010001300158U 020000000000000000000000000000000000000000000000000000000000000000000000000000000000000000000000000000000000000000000000002302201700000000            000000000000000                              000                           
0010001300159T 020180230000002544776 29647040891552793   7               25022017000000000006000001001104                         0900000000000010000000000000000000000000000000000000000   0000000000000000000000000A9        170192964704     
0010001300160U 020000000000000000000000000000000000000000000000000000000000000000000000000000000000000000000000000000000000000000000000002302201700000000            000000000000000                              000                           
0010001300161T 020180230000002544776 29647040891630621   7               25022017000000000006000001020354                         0900000000000010000000000000000000000000000000000000000   0000000000000000000000000A9        170192964704     
0010001300162U 020000000000000000000000000000000000000000000000000000000000000000000000000000000000000000000000000000000000000000000000002302201700000000            000000000000000                              000                           
0010001300163T 020180230000002544776 29647040891648201   7               25022017000000000006000001020354                         0900000000000010000000000000000000000000000000000000000   0000000000000000000000000A9        170192964704     
0010001300164U 020000000000000000000000000000000000000000000000000000000000000000000000000000000000000000000000000000000000000000000000002302201700000000            000000000000000                              000                           
0010001300165T 020180230000002544776 29647040891738227   7               25022017000000000006000001000132                         0900000000000010000000000000000000000000000000000000000   0000000000000000000000000A9        170192964704     
0010001300166U 020000000000000000000000000000000000000000000000000000000000000000000000000000000000000000000000000000000000000000000000002302201700000000            000000000000000                              000                           
0010001300167T 020180230000002544776 29647040891806160   7               25022017000000000008000001028029                         0900000000000010000000000000000000000000000000000000000   0000000000000000000000000A9        170192964704     
0010001300168U 020000000000000000000000000000000000000000000000000000000000000000000000000000000000000000000000000000000000000000000000002302201700000000            000000000000000                              000                           
0010001300169T 020180230000002544776 29647040891840129   7               25022017000000000008000001028029                         0900000000000010000000000000000000000000000000000000000   0000000000000000000000000A9        170192964704     
0010001300170U 020000000000000000000000000000000000000000000000000000000000000000000000000000000000000000000000000000000000000000000000002302201700000000            000000000000000                              000                           
0010001300171T 020180230000002544776 29647040891905335   7               25022017000000000006000001021210                         0900000000000010000000000000000000000000000000000000000   0000000000000000000000000A9        170192964704     
0010001300172U 020000000000000000000000000000000000000000000000000000000000000000000000000000000000000000000000000000000000000000000000002302201700000000            000000000000000                              000                           
0010001300173T 020180230000002544776 29647040891922350   7               25022017000000000006000001021210                         0900000000000010000000000000000000000000000000000000000   0000000000000000000000000A9        170192964704     
0010001300174U 020000000000000000000000000000000000000000000000000000000000000000000000000000000000000000000000000000000000000000000000002302201700000000            000000000000000                              000                           
0010001300175T 020180230000002544776 29647040892215764   7               25022017000000000006000001016179                         0900000000000010000000000000000000000000000000000000000   0000000000000000000000000A9        170192964704     
0010001300176U 020000000000000000000000000000000000000000000000000000000000000000000000000000000000000000000000000000000000000000000000002302201700000000            000000000000000                              000                           
0010001300177T 020180230000002544776 29647040892303758   7               25022017000000000006000001028029                         0900000000000010000000000000000000000000000000000000000   0000000000000000000000000A9        170192964704     
0010001300178U 020000000000000000000000000000000000000000000000000000000000000000000000000000000000000000000000000000000000000000000000002302201700000000            000000000000000                              000                           
0010001300179T 020180230000002544776 29647040892509899   7               25022017000000000006000001016179                         0900000000000010000000000000000000000000000000000000000   0000000000000000000000000A9        170192964704     
0010001300180U 020000000000000000000000000000000000000000000000000000000000000000000000000000000000000000000000000000000000000000000000002302201700000000            000000000000000                              000                           
0010001300181T 020180230000002544776 29647040892527365   7               25022017000000000006000001016179                         0900000000000010000000000000000000000000000000000000000   0000000000000000000000000A9        170192964704     
0010001300182U 020000000000000000000000000000000000000000000000000000000000000000000000000000000000000000000000000000000000000000000000002302201700000000            000000000000000                              000                           
0010001300183T 020180230000002544776 29647040892740226   7               25022017000000000008000001000361                         0900000000000010000000000000000000000000000000000000000   0000000000000000000000000A9        170192964704     
0010001300184U 020000000000000000000000000000000000000000000000000000000000000000000000000000000000000000000000000000000000000000000000002302201700000000            000000000000000                              000                           
0010001300185T 020180230000002544776 29647040892831285   7               25022017000000000006000001028029                         0900000000000010000000000000000000000000000000000000000   0000000000000000000000000A9        170192964704     
0010001300186U 020000000000000000000000000000000000000000000000000000000000000000000000000000000000000000000000000000000000000000000000002302201700000000            000000000000000                              000                           
0010001300187T 020180230000002544776 29647040892952495   7               25022017000000000006000001000132                         0900000000000010000000000000000000000000000000000000000   0000000000000000000000000A9        170192964704     
0010001300188U 020000000000000000000000000000000000000000000000000000000000000000000000000000000000000000000000000000000000000000000000002302201700000000            000000000000000                              000                           
0010001300189T 020180230000002544776 29647040893028955   7               25022017000000000006000001016179                         0900000000000010000000000000000000000000000000000000000   0000000000000000000000000A9        170192964704     
0010001300190U 020000000000000000000000000000000000000000000000000000000000000000000000000000000000000000000000000000000000000000000000002302201700000000            000000000000000                              000                           
0010001300191T 020180230000002544776 29647040893127602   7               25022017000000000006000001018376                         0900000000000010000000000000000000000000000000000000000   0000000000000000000000000A9        170192964704     
0010001300192U 020000000000000000000000000000000000000000000000000000000000000000000000000000000000000000000000000000000000000000000000002302201700000000            000000000000000                              000                           
0010001300193T 020180230000002544776 29647040893144354   7               25022017000000000006000001018376                         0900000000000010000000000000000000000000000000000000000   0000000000000000000000000A9        170192964704     
0010001300194U 020000000000000000000000000000000000000000000000000000000000000000000000000000000000000000000000000000000000000000000000002302201700000000            000000000000000                              000                           
0010001300195T 020180230000002544776 29647040893252321   7               25022017000000000006000001000132                         0900000000000010000000000000000000000000000000000000000   0000000000000000000000000A9        170192964704     
0010001300196U 020000000000000000000000000000000000000000000000000000000000000000000000000000000000000000000000000000000000000000000000002302201700000000            000000000000000                              000                           
0010001300197T 020180230000002544776 29647040893557918   7               25022017000000000008000001012467                         0900000000000010500000000000000000000000000000000000000   0000000000000000000000000A9A4      170192964704     
0010001300198U 020000000000000000000000000000000000000000000000000000000000000000000000000000000000000000000000000000000000000000000000002302201700000000            000000000000000                              000                           
0010001300199T 020180230000002544776 29647040893736180   7               25022017000000000008000001024414                         0900000000000010000000000000000000000000000000000000000   0000000000000000000000000A9        170192964704     
0010001300200U 020000000000000000000000000000000000000000000000000000000000000000000000000000000000000000000000000000000000000000000000002302201700000000            000000000000000                              000                           
0010001300201T 020180230000002544776 29647040894125502   7               25022017000000000008000001016179                         0900000000000010000000000000000000000000000000000000000   0000000000000000000000000A9        170192964704     
0010001300202U 020000000000000000000000000000000000000000000000000000000000000000000000000000000000000000000000000000000000000000000000002302201700000000            000000000000000                              000                           
0010001300203T 020180230000002544776 29647040894202645   7               25022017000000000006000001016179                         0900000000000010000000000000000000000000000000000000000   0000000000000000000000000A9        170192964704     
0010001300204U 020000000000000000000000000000000000000000000000000000000000000000000000000000000000000000000000000000000000000000000000002302201700000000            000000000000000                              000                           
0010001300205T 020180230000002544776 29647040894440829   7               25022017000000000006000001008214                         0900000000000010500000000000000000000000000000000000000   0000000000000000000000000A9A4      170192964704     
0010001300206U 020000000000000000000000000000000000000000000000000000000000000000000000000000000000000000000000000000000000000000000000002302201700000000            000000000000000                              000                           
0010001300207T 020180230000002544776 29647040894449470   7               25022017000000000006000001008214                         0900000000000010500000000000000000000000000000000000000   0000000000000000000000000A9A4      170192964704     
0010001300208U 020000000000000000000000000000000000000000000000000000000000000000000000000000000000000000000000000000000000000000000000002302201700000000            000000000000000                              000                           
0010001300209T 020180230000002544776 29647040894546693   7               25022017000000000006000001012467                         0900000000000010000000000000000000000000000000000000000   0000000000000000000000000A9        170192964704     
0010001300210U 020000000000000000000000000000000000000000000000000000000000000000000000000000000000000000000000000000000000000000000000002302201700000000            000000000000000                              000                           
0010001300211T 020180230000002544776 29647040894644833   7               25022017000000000006000001016179                         0900000000000010000000000000000000000000000000000000000   0000000000000000000000000A9        170192964704     
0010001300212U 020000000000000000000000000000000000000000000000000000000000000000000000000000000000000000000000000000000000000000000000002302201700000000            000000000000000                              000                           
0010001300213T 020180230000002544776 29647040895208968   7               25022017000000000006000001007110                         0900000000000010000000000000000000000000000000000000000   0000000000000000000000000A9        170192964704     
0010001300214U 020000000000000000000000000000000000000000000000000000000000000000000000000000000000000000000000000000000000000000000000002302201700000000            000000000000000                              000                           
0010001300215T 020180230000002544776 29647040895332668   7               25022017000000000008000001016179                         0900000000000010000000000000000000000000000000000000000   0000000000000000000000000A9        170192964704     
0010001300216U 020000000000000000000000000000000000000000000000000000000000000000000000000000000000000000000000000000000000000000000000002302201700000000            000000000000000                              000                           
0010001300217T 020180230000002544776 29647040895450129   7               25022017000000000006000001028029                         0900000000000010000000000000000000000000000000000000000   0000000000000000000000000A9        170192964704     
0010001300218U 020000000000000000000000000000000000000000000000000000000000000000000000000000000000000000000000000000000000000000000000002302201700000000            000000000000000                              000                           
0010001300219T 020180230000002544776 29647040895623621   7               25022017000000000006000001009636                         0900000000000010000000000000000000000000000000000000000   0000000000000000000000000A9        170192964704     
0010001300220U 020000000000000000000000000000000000000000000000000000000000000000000000000000000000000000000000000000000000000000000000002302201700000000            000000000000000                              000                           
0010001300221T 020180230000002544776 29647040895857123   7               25022017000000000008000001012467                         0900000000000010000000000000000000000000000000000000000   0000000000000000000000000A9        170192964704     
0010001300222U 020000000000000000000000000000000000000000000000000000000000000000000000000000000000000000000000000000000000000000000000002302201700000000            000000000000000                              000                           
0010001300223T 020180230000002544776 29647040896241479   7               25022017000000000008000001016179                         0900000000000010000000000000000000000000000000000000000   0000000000000000000000000A9        170192964704     
0010001300224U 020000000000000000000000000000000000000000000000000000000000000000000000000000000000000000000000000000000000000000000000002302201700000000            000000000000000                              000                           
0010001300225T 020180230000002544776 29647040896306029   7               25022017000000000008000001016179                         0900000000000010000000000000000000000000000000000000000   0000000000000000000000000A9        170192964704     
0010001300226U 020000000000000000000000000000000000000000000000000000000000000000000000000000000000000000000000000000000000000000000000002302201700000000            000000000000000                              000                           
0010001300227T 020180230000002544776 29647040896912190   7               25022017000000000006000001000132                         0900000000000010500000000000000000000000000000000000000   0000000000000000000000000A9A4      170192964704     
0010001300228U 020000000000000000000000000000000000000000000000000000000000000000000000000000000000000000000000000000000000000000000000002302201700000000            000000000000000                              000                           
0010001300229T 020180230000002544776 29647040896924311   7               25022017000000000006000001000132                         0900000000000010500000000000000000000000000000000000000   0000000000000000000000000A9A4      170192964704     
0010001300230U 020000000000000000000000000000000000000000000000000000000000000000000000000000000000000000000000000000000000000000000000002302201700000000            000000000000000                              000                           
0010001300231T 020180230000002544776 29647040896925812   7               25022017000000000006000001000132                         0900000000000010500000000000000000000000000000000000000   0000000000000000000000000A9A4      170192964704     
0010001300232U 020000000000000000000000000000000000000000000000000000000000000000000000000000000000000000000000000000000000000000000000002302201700000000            000000000000000                              000                           
0010001300233T 020180230000002544776 29647040896947745   7               25022017000000000006000001000132                         0900000000000010500000000000000000000000000000000000000   0000000000000000000000000A9A4      170192964704     
0010001300234U 020000000000000000000000000000000000000000000000000000000000000000000000000000000000000000000000000000000000000000000000002302201700000000            000000000000000                              000                           
0010001300235T 020180230000002544776 29647040896954309   7               25022017000000000006000001000132                         0900000000000010500000000000000000000000000000000000000   0000000000000000000000000A9A4      170192964704     
0010001300236U 020000000000000000000000000000000000000000000000000000000000000000000000000000000000000000000000000000000000000000000000002302201700000000            000000000000000                              000                           
0010001300237T 020180230000002544776 29647040897042861   7               25022017000000000006000001028029                         0900000000000010000000000000000000000000000000000000000   0000000000000000000000000A9        170192964704     
0010001300238U 020000000000000000000000000000000000000000000000000000000000000000000000000000000000000000000000000000000000000000000000002302201700000000            000000000000000                              000                           
0010001300239T 020180230000002544776 29647040897105047   7               25022017000000000006000001008214                         0900000000000010000000000000000000000000000000000000000   0000000000000000000000000A9        170192964704     
0010001300240U 020000000000000000000000000000000000000000000000000000000000000000000000000000000000000000000000000000000000000000000000002302201700000000            000000000000000                              000                           
0010001300241T 020180230000002544776 29647040897124794   7               25022017000000000006000001008214                         0900000000000010000000000000000000000000000000000000000   0000000000000000000000000A9        170192964704     
0010001300242U 020000000000000000000000000000000000000000000000000000000000000000000000000000000000000000000000000000000000000000000000002302201700000000            000000000000000                              000                           
0010001300243T 020180230000002544776 29647040897238225   7               25022017000000000006000001033316                         0900000000000010000000000000000000000000000000000000000   0000000000000000000000000A9        170192964704     
0010001300244U 020000000000000000000000000000000000000000000000000000000000000000000000000000000000000000000000000000000000000000000000002302201700000000            000000000000000                              000                           
0010001300245T 020180230000002544776 29647040897346893   7               25022017000000000006000001033316                         0900000000000010000000000000000000000000000000000000000   0000000000000000000000000A9        170192964704     
0010001300246U 020000000000000000000000000000000000000000000000000000000000000000000000000000000000000000000000000000000000000000000000002302201700000000            000000000000000                              000                           
0010001300247T 020180230000002544776 29647040897402141   7               25022017000000000006000001013692                         0900000000000010000000000000000000000000000000000000000   0000000000000000000000000A9        170192964704     
0010001300248U 020000000000000000000000000000000000000000000000000000000000000000000000000000000000000000000000000000000000000000000000002302201700000000            000000000000000                              000                           
0010001300249T 020180230000002544776 29647040897405228   7               25022017000000000006000001013692                         0900000000000010000000000000000000000000000000000000000   0000000000000000000000000A9        170192964704     
0010001300250U 020000000000000000000000000000000000000000000000000000000000000000000000000000000000000000000000000000000000000000000000002302201700000000            000000000000000                              000                           
0010001300251T 020180230000002544776 29647040897750749   7               25022017000000000006000001012467                         0900000000000010000000000000000000000000000000000000000   0000000000000000000000000A9        170192964704     
0010001300252U 020000000000000000000000000000000000000000000000000000000000000000000000000000000000000000000000000000000000000000000000002302201700000000            000000000000000                              000                           
0010001300253T 020180230000002544776 29647040897816518   7               25022017000000000006000001018376                         0900000000000010000000000000000000000000000000000000000   0000000000000000000000000A9        170192964704     
0010001300254U 020000000000000000000000000000000000000000000000000000000000000000000000000000000000000000000000000000000000000000000000002302201700000000            000000000000000                              000                           
0010001300255T 020180230000002544776 29647040898116547   7               25022017000000000006000001008214                         0900000000000010000000000000000000000000000000000000000   0000000000000000000000000A9        170192964704     
0010001300256U 020000000000000000000000000000000000000000000000000000000000000000000000000000000000000000000000000000000000000000000000002302201700000000            000000000000000                              000                           
0010001300257T 020180230000002544776 29647040898234161   7               25022017000000000006000001016179                         0900000000000010000000000000000000000000000000000000000   0000000000000000000000000A9        170192964704     
0010001300258U 020000000000000000000000000000000000000000000000000000000000000000000000000000000000000000000000000000000000000000000000002302201700000000            000000000000000                              000                           
0010001300259T 020180230000002544776 29647040898310740   7               25022017000000000006000001013455                         0900000000000010000000000000000000000000000000000000000   0000000000000000000000000A9        170192964704     
0010001300260U 020000000000000000000000000000000000000000000000000000000000000000000000000000000000000000000000000000000000000000000000002302201700000000            000000000000000                              000                           
0010001300261T 020180230000002544776 29647040898320686   7               25022017000000000006000001013455                         0900000000000010000000000000000000000000000000000000000   0000000000000000000000000A9        170192964704     
0010001300262U 020000000000000000000000000000000000000000000000000000000000000000000000000000000000000000000000000000000000000000000000002302201700000000            000000000000000                              000                           
0010001300263T 020180230000002544776 29647040898329206   7               25022017000000000006000001013455                         0900000000000010000000000000000000000000000000000000000   0000000000000000000000000A9        170192964704     
0010001300264U 020000000000000000000000000000000000000000000000000000000000000000000000000000000000000000000000000000000000000000000000002302201700000000            000000000000000                              000                           
0010001300265T 020180230000002544776 29647040898347335   7               25022017000000000006000001013455                         0900000000000010000000000000000000000000000000000000000   0000000000000000000000000A9        170192964704     
0010001300266U 020000000000000000000000000000000000000000000000000000000000000000000000000000000000000000000000000000000000000000000000002302201700000000            000000000000000                              000                           
0010001300267T 020180230000002544776 29647040898353183   7               25022017000000000006000001013455                         0900000000000010000000000000000000000000000000000000000   0000000000000000000000000A9        170192964704     
0010001300268U 020000000000000000000000000000000000000000000000000000000000000000000000000000000000000000000000000000000000000000000000002302201700000000            000000000000000                              000                           
0010001300269T 020180230000002544776 29647040898404292   7               25022017000000000008000001033316                         0900000000000010000000000000000000000000000000000000000   0000000000000000000000000A9        170192964704     
0010001300270U 020000000000000000000000000000000000000000000000000000000000000000000000000000000000000000000000000000000000000000000000002302201700000000            000000000000000                              000                           
0010001300271T 020180230000002544776 29647040898543802   7               25022017000000000006000001033316                         0900000000000010000000000000000000000000000000000000000   0000000000000000000000000A9        170192964704     
0010001300272U 020000000000000000000000000000000000000000000000000000000000000000000000000000000000000000000000000000000000000000000000002302201700000000            000000000000000                              000                           
0010001300273T 020180230000002544776 29647040898637102   7               25022017000000000006000001000132                         0900000000000010000000000000000000000000000000000000000   0000000000000000000000000A9        170192964704     
0010001300274U 020000000000000000000000000000000000000000000000000000000000000000000000000000000000000000000000000000000000000000000000002302201700000000            000000000000000                              000                           
0010001300275T 020180230000002544776 29647040898720687   7               25022017000000000006000001024376                         0900000000000010000000000000000000000000000000000000000   0000000000000000000000000A9        170192964704     
0010001300276U 020000000000000000000000000000000000000000000000000000000000000000000000000000000000000000000000000000000000000000000000002302201700000000            000000000000000                              000                           
0010001300277T 020180230000002544776 29647040898931966   7               25022017000000000006000001016179                         0900000000000010500000000000000000000000000000000000000   0000000000000000000000000A9A4      170192964704     
0010001300278U 020000000000000000000000000000000000000000000000000000000000000000000000000000000000000000000000000000000000000000000000002302201700000000            000000000000000                              000                           
0010001300279T 020180230000002544776 29647040899207037   7               25022017000000000006000001010421                         0900000000000010000000000000000000000000000000000000000   0000000000000000000000000A9        170192964704     
0010001300280U 020000000000000000000000000000000000000000000000000000000000000000000000000000000000000000000000000000000000000000000000002302201700000000            000000000000000                              000                           
0010001300281T 020180230000002544776 29647040899227934   7               25022017000000000006000001010421                         0900000000000010000000000000000000000000000000000000000   0000000000000000000000000A9        170192964704     
0010001300282U 020000000000000000000000000000000000000000000000000000000000000000000000000000000000000000000000000000000000000000000000002302201700000000            000000000000000                              000                           
0010001300283T 020180230000002544776 29647040899249928   7               25022017000000000006000001010421                         0900000000000010000000000000000000000000000000000000000   0000000000000000000000000A9        170192964704     
0010001300284U 020000000000000000000000000000000000000000000000000000000000000000000000000000000000000000000000000000000000000000000000002302201700000000            000000000000000                              000                           
0010001300285T 020180230000002544776 29647040899408517   7               25022017000000000006000001000132                         0900000000000010000000000000000000000000000000000000000   0000000000000000000000000A9        170192964704     
0010001300286U 020000000000000000000000000000000000000000000000000000000000000000000000000000000000000000000000000000000000000000000000002302201700000000            000000000000000                              000                           
0010001300287T 020180230000002544776 29647040899433396   7               25022017000000000006000001000132                         0900000000000010000000000000000000000000000000000000000   0000000000000000000000000A9        170192964704     
0010001300288U 020000000000000000000000000000000000000000000000000000000000000000000000000000000000000000000000000000000000000000000000002302201700000000            000000000000000                              000                           
0010001300289T 020180230000002544776 29647040899540894   7               25022017000000000006000001000132                         0900000000000010000000000000000000000000000000000000000   0000000000000000000000000A9        170192964704     
0010001300290U 020000000000000000000000000000000000000000000000000000000000000000000000000000000000000000000000000000000000000000000000002302201700000000            000000000000000                              000                           
0010001300291T 020180230000002544776 29647040899617534   7               25022017000000000006000001016179                         0900000000000010000000000000000000000000000000000000000   0000000000000000000000000A9        170192964704     
0010001300292U 020000000000000000000000000000000000000000000000000000000000000000000000000000000000000000000000000000000000000000000000002302201700000000            000000000000000                              000                           
0010001300293T 020180230000002544776 29647040899801708   7               25022017000000000006000001012467                         0900000000000010000000000000000000000000000000000000000   0000000000000000000000000A9        170192964704     
0010001300294U 020000000000000000000000000000000000000000000000000000000000000000000000000000000000000000000000000000000000000000000000002302201700000000            000000000000000                              000                           
0010001300295T 020180230000002544776 29647040900053061   7               25022017000000000006000001026468                         0900000000000010000000000000000000000000000000000000000   0000000000000000000000000A9        170192964704     
0010001300296U 020000000000000000000000000000000000000000000000000000000000000000000000000000000000000000000000000000000000000000000000002302201700000000            000000000000000                              000                           
0010001300297T 020180230000002544776 29647040900204466   7               25022017000000000006000001012629                         0900000000000010000000000000000000000000000000000000000   0000000000000000000000000A9        170192964704     
0010001300298U 020000000000000000000000000000000000000000000000000000000000000000000000000000000000000000000000000000000000000000000000002302201700000000            000000000000000                              000                           
0010001300299T 020180230000002544776 29647040900347948   7               25022017000000000006000001024694                         0900000000000010000000000000000000000000000000000000000   0000000000000000000000000A9        170192964704     
0010001300300U 020000000000000000000000000000000000000000000000000000000000000000000000000000000000000000000000000000000000000000000000002302201700000000            000000000000000                              000                           
0010001300301T 020180230000002544776 29647040900408504   7               25022017000000000006000001028029                         0900000000000010000000000000000000000000000000000000000   0000000000000000000000000A9        170192964704     
0010001300302U 020000000000000000000000000000000000000000000000000000000000000000000000000000000000000000000000000000000000000000000000002302201700000000            000000000000000                              000                           
0010001300303T 020180230000002544776 29647040900612165   7               25022017000000000008000001016179                         0900000000000010000000000000000000000000000000000000000   0000000000000000000000000A9        170192964704     
0010001300304U 020000000000000000000000000000000000000000000000000000000000000000000000000000000000000000000000000000000000000000000000002302201700000000            000000000000000                              000                           
0010001300305T 020180230000002544776 29647040900911689   7               25022017000000000008000001028029                         0900000000000010000000000000000000000000000000000000000   0000000000000000000000000A9        170192964704     
0010001300306U 020000000000000000000000000000000000000000000000000000000000000000000000000000000000000000000000000000000000000000000000002302201700000000            000000000000000                              000                           
0010001300307T 020180230000002544776 29647040900933240   7               25022017000000000008000001028029                         0900000000000010000000000000000000000000000000000000000   0000000000000000000000000A9        170192964704     
0010001300308U 020000000000000000000000000000000000000000000000000000000000000000000000000000000000000000000000000000000000000000000000002302201700000000            000000000000000                              000                           
0010001300309T 020180230000002544776 29647040901056066   7               25022017000000000006000001012467                         0900000000000010500000000000000000000000000000000000000   0000000000000000000000000A9A4      170192964704     
0010001300310U 020000000000000000000000000000000000000000000000000000000000000000000000000000000000000000000000000000000000000000000000002302201700000000            000000000000000                              000                           
0010001300311T 020180230000002544776 29647040901333969   7               25022017000000000006000001024252                         0900000000000010000000000000000000000000000000000000000   0000000000000000000000000A9        170192964704     
0010001300312U 020000000000000000000000000000000000000000000000000000000000000000000000000000000000000000000000000000000000000000000000002302201700000000            000000000000000                              000                           
0010001300313T 020180230000002544776 29647040901447029   7               25022017000000000008000001007218                         0900000000000010000000000000000000000000000000000000000   0000000000000000000000000A9        170192964704     
0010001300314U 020000000000000000000000000000000000000000000000000000000000000000000000000000000000000000000000000000000000000000000000002302201700000000            000000000000000                              000                           
0010001300315T 020180230000002544776 29647040901630681   7               25022017000000000006000001000132                         0900000000000010000000000000000000000000000000000000000   0000000000000000000000000A9        170192964704     
0010001300316U 020000000000000000000000000000000000000000000000000000000000000000000000000000000000000000000000000000000000000000000000002302201700000000            000000000000000                              000                           
0010001300317T 020180230000002544776 29647040902227275   7               25022017000000000006000001016179                         0900000000000010000000000000000000000000000000000000000   0000000000000000000000000A9        170192964704     
0010001300318U 020000000000000000000000000000000000000000000000000000000000000000000000000000000000000000000000000000000000000000000000002302201700000000            000000000000000                              000                           
0010001300319T 020180230000002544776 29647040902332402   7               25022017000000000006000001028029                         0900000000000010000000000000000000000000000000000000000   0000000000000000000000000A9        170192964704     
0010001300320U 020000000000000000000000000000000000000000000000000000000000000000000000000000000000000000000000000000000000000000000000002302201700000000            000000000000000                              000                           
0010001300321T 020180230000002544776 29647040902335067   7               25022017000000000006000001028029                         0900000000000010000000000000000000000000000000000000000   0000000000000000000000000A9        170192964704     
0010001300322U 020000000000000000000000000000000000000000000000000000000000000000000000000000000000000000000000000000000000000000000000002302201700000000            000000000000000                              000                           
0010001300323T 020180230000002544776 29647040902433087   7               25022017000000000006000001000132                         0900000000000010000000000000000000000000000000000000000   0000000000000000000000000A9        170192964704     
0010001300324U 020000000000000000000000000000000000000000000000000000000000000000000000000000000000000000000000000000000000000000000000002302201700000000            000000000000000                              000                           
0010001300325T 020180230000002544776 29647040903011423   7               25022017000000000006000001022756                         0900000000000010000000000000000000000000000000000000000   0000000000000000000000000A9        170192964704     
0010001300326U 020000000000000000000000000000000000000000000000000000000000000000000000000000000000000000000000000000000000000000000000002302201700000000            000000000000000                              000                           
0010001300327T 020180230000002544776 29647040903211009   7               25022017000000000006000001028029                         0900000000000010500000000000000000000000000000000000000   0000000000000000000000000A9A4      170192964704     
0010001300328U 020000000000000000000000000000000000000000000000000000000000000000000000000000000000000000000000000000000000000000000000002302201700000000            000000000000000                              000                           
0010001300329T 020180230000002544776 29647040903333421   7               25022017000000000006000001001201                         0900000000000010500000000000000000000000000000000000000   0000000000000000000000000A9A4      170192964704     
0010001300330U 020000000000000000000000000000000000000000000000000000000000000000000000000000000000000000000000000000000000000000000000002302201700000000            000000000000000                              000                           
0010001300331T 020180230000002544776 29647040903613243   7               25022017000000000006000001018376                         0900000000000010000000000000000000000000000000000000000   0000000000000000000000000A9        170192964704     
0010001300332U 020000000000000000000000000000000000000000000000000000000000000000000000000000000000000000000000000000000000000000000000002302201700000000            000000000000000                              000                           
0010001300333T 020180230000002544776 29647040903641077   7               25022017000000000006000001018376                         0900000000000010000000000000000000000000000000000000000   0000000000000000000000000A9        170192964704     
0010001300334U 020000000000000000000000000000000000000000000000000000000000000000000000000000000000000000000000000000000000000000000000002302201700000000            000000000000000                              000                           
0010001300335T 020180230000002544776 29647040903740863   7               25022017000000000008000001028029                         0900000000000010000000000000000000000000000000000000000   0000000000000000000000000A9        170192964704     
0010001300336U 020000000000000000000000000000000000000000000000000000000000000000000000000000000000000000000000000000000000000000000000002302201700000000            000000000000000                              000                           
0010001300337T 020180230000002544776 29647040904317422   7               25022017000000000006000001022357                         0900000000000010000000000000000000000000000000000000000   0000000000000000000000000A9        170192964704     
0010001300338U 020000000000000000000000000000000000000000000000000000000000000000000000000000000000000000000000000000000000000000000000002302201700000000            000000000000000                              000                           
0010001300339T 020180230000002544776 29647040904707644   7               25022017000000000008000001016179                         0900000000000010000000000000000000000000000000000000000   0000000000000000000000000A9        170192964704     
0010001300340U 020000000000000000000000000000000000000000000000000000000000000000000000000000000000000000000000000000000000000000000000002302201700000000            000000000000000                              000                           
0010001300341T 020180230000002544776 29647040904852855   7               25022017000000000006000001012467                         0900000000000010000000000000000000000000000000000000000   0000000000000000000000000A9        170192964704     
0010001300342U 020000000000000000000000000000000000000000000000000000000000000000000000000000000000000000000000000000000000000000000000002302201700000000            000000000000000                              000                           
0010001300343T 020180230000002544776 29647040904934319   7               25022017000000000006000001016179                         0900000000000010000000000000000000000000000000000000000   0000000000000000000000000A9        170192964704     
0010001300344U 020000000000000000000000000000000000000000000000000000000000000000000000000000000000000000000000000000000000000000000000002302201700000000            000000000000000                              000                           
0010001300345T 060180230000002544776 29647040574712715   7               25022017000000000006000104020470                         0900000000000010000000000000000000000000000000000000000   000000000000000000000029000        170192964704     
0010001300346U 060000000000000000000000000000000000000000000000000000000000000000000000060000000000000057100000000000000000000000000000002302201701032017            000000000000000                              000                           
0010001300347T 060180230000002544776 29647040595353484   7               24022017000000000006000104015570                         0900000000000010000000000000000000000000000000000000000   000000000000000000000029000        170192964704     
0010001300348U 060000000000000000000000000000000000000000000000000000000000000000000000060000000000000057100000000000000000000000000000002302201701032017            000000000000000                              000                           
0010001300349T 060180230000002544776 29647040615130973   7               25022017000000000008000001016365                         0900000000000010000000000000000000000000000000000000000   000000000000000000000029000        170192964704     
0010001300350U 060000000000000000000000000000000000000000000000000000000000000000000000080000000000000077100000000000000000000000000000002302201701032017            000000000000000                              000                           
0010001300351T 060180230000002544776 29647040705019067   7               24022017000000000008000001004774                         0900000000000010000000000000000000000000000000000000000   000000000000000000000029000        170192964704     
0010001300352U 060000000000000000000000000000000000000000000000000000000000000000000000080000000000000077100000000000000000000000000000002302201701032017            000000000000000                              000                           
0010001300353T 060180230000002544776 29647040755707162   7               23022017000000000006000104047380                         0900000000000010000000000000000000000000000000000000000   000000000000000000000029000        170192964704     
0010001300354U 060000000000000000000000000000000000000000000000000000000000000000000000060000000000000057100000000000000000000000000000002302201701032017            000000000000000                              000                           
0010001300355T 060180230000002544776 29647040792313767   7               25022017000000000008000001000639                         0900000000000010000000000000000000000000000000000000000   000000000000000000000029000        170192964704     
0010001300356U 060000000000000000000000000000000000000000000000000000000000000000000000080000000000000077100000000000000000000000000000002302201701032017            000000000000000                              000                           
0010001300357T 060180230000002544776 29647040814919774   7               24022017000000000006000001015334                         0900000000000010000000000000000000000000000000000000000   000000000000000000000029000        170192964704     
0010001300358U 060000000000000000000000000000000000000000000000000000000000000000000000060000000000000057100000000000000000000000000000002302201701032017            000000000000000                              000                           
0010001300359T 060180230000002544776 29647040841831382   7               23022017000000000006000001045039                         0900000000000010000000000000000000000000000000000000000   000000000000000000000029000        170192964704     
0010001300360U 060000000000000000000000000000000000000000000000000000000000000000000000060000000000000057100000000000000000000000000000002302201701032017            000000000000000                              000                           
0010001300361T 060180230000002544776 29647040844559462   7               23022017000000000008000237056160                         0900000000000010000000000000000000000000000000000000000   000000000000000000000029000        170192964704     
0010001300362U 060000000000000000000000000000000000000000000000000000000000000000000000080000000000000077100000000000000000000000000000002302201701032017            000000000000000                              000                           
0010001300363T 060180230000002544776 29647040846947326   7               2302201700000000000800000100944X                         0900000000000010000000000000000000000000000000000000000   000000000000000000000029000        170192964704     
0010001300364U 060000000000000000000000000000000000000000000000000000000000000000000000080000000000000077100000000000000000000000000000002302201701032017            000000000000000                              000                           
0010001300365T 060180230000002544776 29647040847913981   7               23022017000000000006000033001860                         0900000000000010000000000000000000000000000000000000000   000000000000000000000029000        170192964704     
0010001300366U 060000000000000000000000000000000000000000000000000000000000000000000000060000000000000057100000000000000000000000000000002302201701032017            000000000000000                              000                           
0010001300367T 060180230000002544776 29647040849951144   7               23022017000000000006000104011010                         0900000000000010000000000000000000000000000000000000000   000000000000000000000029000        170192964704     
0010001300368U 060000000000000000000000000000000000000000000000000000000000000000000000060000000000000057100000000000000000000000000000002302201701032017            000000000000000                              000                           
0010001300369T 060180230000002544776 29647040850026496   7               23022017000000000006000001000639                         0900000000000010000000000000000000000000000000000000000   000000000000000000000029000        170192964704     
0010001300370U 060000000000000000000000000000000000000000000000000000000000000000000000060000000000000057100000000000000000000000000000002302201701032017            000000000000000                              000                           
0010001300371T 060180230000002544776 29647040855456155   7               23022017000000000006000104010280                         0900000000000010000000000000000000000000000000000000000   000000000000000000000029000        170192964704     
0010001300372U 060000000000000000000000000000000000000000000000000000000000000000000000060000000000000057100000000000000000000000000000002302201701032017            000000000000000                              000                           
0010001300373T 060180230000002544776 29647040856342957   7               23022017000000000006000341069420                         0900000000000010000000000000000000000000000000000000000   000000000000000000000029000        170192964704     
0010001300374U 060000000000000000000000000000000000000000000000000000000000000000000000060000000000000057100000000000000000000000000000002302201701032017            000000000000000                              000                           
0010001300375T 060180230000002544776 29647040857717312   7               23022017000000000006000104010200                         0900000000000010000000000000000000000000000000000000000   000000000000000000000029000        170192964704     
0010001300376U 060000000000000000000000000000000000000000000000000000000000000000000000060000000000000057100000000000000000000000000000002302201701032017            000000000000000                              000                           
0010001300377T 060180230000002544776 29647040859028659   7               23022017000000000006000104023910                         0900000000000010000000000000000000000000000000000000000   000000000000000000000029000        170192964704     
0010001300378U 060000000000000000000000000000000000000000000000000000000000000000000000060000000000000057100000000000000000000000000000002302201701032017            000000000000000                              000                           
0010001300379T 060180230000002544776 29647040861937302   7               23022017000000000006000341069420                         0900000000000010000000000000000000000000000000000000000   000000000000000000000029000        170192964704     
0010001300380U 060000000000000000000000000000000000000000000000000000000000000000000000060000000000000057100000000000000000000000000000002302201701032017            000000000000000                              000                           
0010001300381T 060180230000002544776 29647040868929161   7               24022017000000000006000001000116                         0900000000000010000000000000000000000000000000000000000   000000000000000000000029000        170192964704     
0010001300382U 060000000000000000000000000000000000000000000000000000000000000000000000060000000000000057100000000000000000000000000000002302201701032017            000000000000000                              000                           
0010001300383T 060180230000002544776 29647040871311321   7               24022017000000000006000237012600                         0900000000000010000000000000000000000000000000000000000   000000000000000000000029000        170192964704     
0010001300384U 060000000000000000000000000000000000000000000000000000000000000000000000060000000000000057100000000000000000000000000000002302201701032017            000000000000000                              000                           
0010001300385T 060180230000002544776 29647040877825712   7               24022017000000000006000104042740                         0900000000000010000000000000000000000000000000000000000   000000000000000000000029000        170192964704     
0010001300386U 060000000000000000000000000000000000000000000000000000000000000000000000060000000000000057100000000000000000000000000000002302201701032017            000000000000000                              000                           
0010001300387T 060180230000002544776 29647040883446172   7               24022017000000000006000104002200                         0900000000000010000000000000000000000000000000000000000   000000000000000000000029000        170192964704     
0010001300388U 060000000000000000000000000000000000000000000000000000000000000000000000060000000000000057100000000000000000000000000000002302201701032017            000000000000000                              000                           
0010001300389T 060180230000002544776 29647040888806982   7               2502201700000000000800000108347X                         0900000000000010000000000000000000000000000000000000000   000000000000000000000029000        170192964704     
0010001300390U 060000000000000000000000000000000000000000000000000000000000000000000000080000000000000077100000000000000000000000000000002302201701032017            000000000000000                              000                           
0010001300391T 060180230000002544776 29647040890348145   7               25022017000000000006000001048445                         0900000000000010000000000000000000000000000000000000000   000000000000000000000029000        170192964704     
0010001300392U 060000000000000000000000000000000000000000000000000000000000000000000000060000000000000057100000000000000000000000000000002302201701032017            000000000000000                              000                           
0010001300393T 060180230000002544776 29647040894546693   7               25022017000000000006000237003210                         0900000000000010000000000000000000000000000000000000000   000000000000000000000029000        170192964704     
0010001300394U 060000000000000000000000000000000000000000000000000000000000000000000000060000000000000057100000000000000000000000000000002302201701032017            000000000000000                              000                           
0010001300395T 060180230000002544776 29647040901056066   7               25022017000000000006000104000340                         0900000000000010000000000000000000000000000000000000000   000000000000000000000029000        170192964704     
0010001300396U 060000000000000000000000000000000000000000000000000000000000000000000000060000000000000057100000000000000000000000000000002302201701032017            000000000000000                              000                           
00100015         000398002515000000000159240000000000000000000000000000000000000000000000000000000000000000000000000000000000000000000000000000000                                                                                              
00199999         000001000400000000                                                                                                                                                            00000000000000000000000000000                    
