00100000         2247745860001000029647040014       0180230000002544776 INSTITUTO DE SELECAO E TECNOLOBANCO DO BRASIL                         22301201702433500000503000000515122941PROCESSAMEN                                                 
00100011T0100020 20247745860001000029647040014       0180230000002544776 INSTITUTO DE SELECAO E TECNOLO                                                                                000000002301201700000000  000000000                      
0010001300001T 020180230000002544776 29647040288630419   788888888888889925012017000000000008000001000213888888888888899          0900000000000010000000000000000000000000000000000000000   0000000000000000000000000A9        170192964704     
0010001300002U 020000000000000000000000000000000000000000000000000000000000000000000000000000000000000000000000000000000000000000000000002301201700000000            000000000000000                              000                           
0010001300003T 170180230000002544776 29647040288515489   7               00000000000000000006000001018023                         0900000000000010000000000000000000000000000000000000000   000000000000000000000070003        170192964704     
0010001300004U 170000000000000000000000000000000000000000000000000000000000000000000000060000000000000053000000000000000000000000000000002301201725012017            000000000000000                              000                           
0010001300005T 060180230000002544776 29647040288630419   788888888888889925012017000000000008000001018023888888888888899          0900000000000010000000000000000000000000000000000000000   000000000000000000000029000        170192964704     
0010001300006U 060000000000000000000000000000000000000000000000000000000000000000000000080000000000000077100000000000000000000000000000002301201725012017            000000000000000                              000                           
0010001300007T 030180230000002544776 29647040288515489   78888888888888992501201700000000000600000100000 888888888888899          0900000000000000000000000000000000000000000000000000000   000000000000000000000000046        170192964704     
0010001300008U 030000000000000000000000000000000000000000000000000000000000000000000000000000000000000000000000000000000000000000000000002301201700000000            000000000000000                              000                           
00100015         000010000000000000000000000000000000000000000000000000000000000000000000000000000000000000000000000000000000000000000000000000000                                                                                              
00199999         000001000012000000                                                                                                                                                            00000000000000000000000000000                    
