00100000         2247745860001000029647040014       0180230000002544776 INSTITUTO DE SELECAO E TECNOLOBANCO DO BRASIL                         22402201701124000004003000000515122941PROCESSAMEN                                                 
00100011T0100020 20247745860001000029647040014       0180230000002544776 INSTITUTO DE SELECAO E TECNOLO                                                                                000000002402201700000000  000000000                      
0010001300001T 020180230000002544776 29647040509303189   7               26022017000000000006000001012467                         0900000000000010000000000000000000000000000000000000000   0000000000000000000000000A9        170192964704     
0010001300002U 020000000000000000000000000000000000000000000000000000000000000000000000000000000000000000000000000000000000000000000000002402201700000000            000000000000000                              000                           
0010001300003T 020180230000002544776 29647040509344876   7               26022017000000000006000001012467                         0900000000000010000000000000000000000000000000000000000   0000000000000000000000000A9        170192964704     
0010001300004U 020000000000000000000000000000000000000000000000000000000000000000000000000000000000000000000000000000000000000000000000002402201700000000            000000000000000                              000                           
0010001300005T 020180230000002544776 29647040526838040   7               26022017000000000006000001028029                         0900000000000010000000000000000000000000000000000000000   0000000000000000000000000A9        170192964704     
0010001300006U 020000000000000000000000000000000000000000000000000000000000000000000000000000000000000000000000000000000000000000000000002402201700000000            000000000000000                              000                           
0010001300007T 020180230000002544776 29647040540622676   7               26022017000000000008000001034770                         0900000000000010000000000000000000000000000000000000000   0000000000000000000000000A9        170192964704     
0010001300008U 020000000000000000000000000000000000000000000000000000000000000000000000000000000000000000000000000000000000000000000000002402201700000000            000000000000000                              000                           
0010001300009T 020180230000002544776 29647040540645633   7               26022017000000000008000001034770                         0900000000000010000000000000000000000000000000000000000   0000000000000000000000000A9        170192964704     
0010001300010U 020000000000000000000000000000000000000000000000000000000000000000000000000000000000000000000000000000000000000000000000002402201700000000            000000000000000                              000                           
0010001300011T 020180230000002544776 29647040563541265   7               26022017000000000006000001016179                         0900000000000010000000000000000000000000000000000000000   0000000000000000000000000A9        170192964704     
0010001300012U 020000000000000000000000000000000000000000000000000000000000000000000000000000000000000000000000000000000000000000000000002402201700000000            000000000000000                              000                           
0010001300013T 020180230000002544776 29647040564735589   7               26022017000000000006000001016179                         0900000000000010000000000000000000000000000000000000000   0000000000000000000000000A9        170192964704     
0010001300014U 020000000000000000000000000000000000000000000000000000000000000000000000000000000000000000000000000000000000000000000000002402201700000000            000000000000000                              000                           
0010001300015T 020180230000002544776 29647040616711543   7               26022017000000000006000001016179                         0900000000000010000000000000000000000000000000000000000   0000000000000000000000000A9        170192964704     
0010001300016U 020000000000000000000000000000000000000000000000000000000000000000000000000000000000000000000000000000000000000000000000002402201700000000            000000000000000                              000                           
0010001300017T 020180230000002544776 29647040628321855   7               26022017000000000006000001000132                         0900000000000010000000000000000000000000000000000000000   0000000000000000000000000A9        170192964704     
0010001300018U 020000000000000000000000000000000000000000000000000000000000000000000000000000000000000000000000000000000000000000000000002402201700000000            000000000000000                              000                           
0010001300019T 020180230000002544776 29647040671314711   7               25022017000000000006000001040363                         0900000000000010000000000000000000000000000000000000000   0000000000000000000000000A9        170192964704     
0010001300020U 020000000000000000000000000000000000000000000000000000000000000000000000000000000000000000000000000000000000000000000000002302201700000000            000000000000000                              000                           
0010001300021T 020180230000002544776 29647040697118929   7               26022017000000000006000001000132                         0900000000000010000000000000000000000000000000000000000   0000000000000000000000000A9        170192964704     
0010001300022U 020000000000000000000000000000000000000000000000000000000000000000000000000000000000000000000000000000000000000000000000002402201700000000            000000000000000                              000                           
0010001300023T 020180230000002544776 29647040705426842   7               26022017000000000008000001000361                         0900000000000010000000000000000000000000000000000000000   0000000000000000000000000A9        170192964704     
0010001300024U 020000000000000000000000000000000000000000000000000000000000000000000000000000000000000000000000000000000000000000000000002402201700000000            000000000000000                              000                           
0010001300025T 020180230000002544776 29647040705728084   7               25022017000000000006000001007145                         0900000000000010500000000000000000000000000000000000000   0000000000000000000000000A9A4      170192964704     
0010001300026U 020000000000000000000000000000000000000000000000000000000000000000000000000000000000000000000000000000000000000000000000002302201700000000            000000000000000                              000                           
0010001300027T 020180230000002544776 29647040705746952   7               25022017000000000006000001007145                         0900000000000010500000000000000000000000000000000000000   0000000000000000000000000A9A4      170192964704     
0010001300028U 020000000000000000000000000000000000000000000000000000000000000000000000000000000000000000000000000000000000000000000000002302201700000000            000000000000000                              000                           
0010001300029T 020180230000002544776 29647040712400752   7               26022017000000000006000001000132                         0900000000000010000000000000000000000000000000000000000   0000000000000000000000000A9        170192964704     
0010001300030U 020000000000000000000000000000000000000000000000000000000000000000000000000000000000000000000000000000000000000000000000002402201700000000            000000000000000                              000                           
0010001300031T 020180230000002544776 29647040729518017   7               26022017000000000006000001018376                         0900000000000010000000000000000000000000000000000000000   0000000000000000000000000A9        170192964704     
0010001300032U 020000000000000000000000000000000000000000000000000000000000000000000000000000000000000000000000000000000000000000000000002402201700000000            000000000000000                              000                           
0010001300033T 020180230000002544776 29647040729525101   7               26022017000000000006000001018376                         0900000000000010000000000000000000000000000000000000000   0000000000000000000000000A9        170192964704     
0010001300034U 020000000000000000000000000000000000000000000000000000000000000000000000000000000000000000000000000000000000000000000000002402201700000000            000000000000000                              000                           
0010001300035T 020180230000002544776 29647040733818753   7               26022017000000000006000001025429                         0900000000000010000000000000000000000000000000000000000   0000000000000000000000000A9        170192964704     
0010001300036U 020000000000000000000000000000000000000000000000000000000000000000000000000000000000000000000000000000000000000000000000002402201700000000            000000000000000                              000                           
0010001300037T 020180230000002544776 29647040764017621   7               26022017000000000008000001012467                         0900000000000010000000000000000000000000000000000000000   0000000000000000000000000A9        170192964704     
0010001300038U 020000000000000000000000000000000000000000000000000000000000000000000000000000000000000000000000000000000000000000000000002402201700000000            000000000000000                              000                           
0010001300039T 020180230000002544776 29647040770618468   7               26022017000000000006000001012467                         0900000000000010000000000000000000000000000000000000000   0000000000000000000000000A9        170192964704     
0010001300040U 020000000000000000000000000000000000000000000000000000000000000000000000000000000000000000000000000000000000000000000000002402201700000000            000000000000000                              000                           
0010001300041T 020180230000002544776 29647040771434579   7               26022017000000000006000001028029                         0900000000000010000000000000000000000000000000000000000   0000000000000000000000000A9        170192964704     
0010001300042U 020000000000000000000000000000000000000000000000000000000000000000000000000000000000000000000000000000000000000000000000002402201700000000            000000000000000                              000                           
0010001300043T 020180230000002544776 29647040791537872   7               26022017000000000006000001016179                         0900000000000010500000000000000000000000000000000000000   0000000000000000000000000A9A4      170192964704     
0010001300044U 020000000000000000000000000000000000000000000000000000000000000000000000000000000000000000000000000000000000000000000000002402201700000000            000000000000000                              000                           
0010001300045T 020180230000002544776 29647040791551846   7               26022017000000000006000001016179                         0900000000000010500000000000000000000000000000000000000   0000000000000000000000000A9A4      170192964704     
0010001300046U 020000000000000000000000000000000000000000000000000000000000000000000000000000000000000000000000000000000000000000000000002402201700000000            000000000000000                              000                           
0010001300047T 020180230000002544776 29647040808901613   7               26022017000000000006000001000361                         0900000000000010000000000000000000000000000000000000000   0000000000000000000000000A9        170192964704     
0010001300048U 020000000000000000000000000000000000000000000000000000000000000000000000000000000000000000000000000000000000000000000000002402201700000000            000000000000000                              000                           
0010001300049T 020180230000002544776 29647040813102532   7               26022017000000000008000001016179                         0900000000000010000000000000000000000000000000000000000   0000000000000000000000000A9        170192964704     
0010001300050U 020000000000000000000000000000000000000000000000000000000000000000000000000000000000000000000000000000000000000000000000002402201700000000            000000000000000                              000                           
0010001300051T 020180230000002544776 29647040822259242   7               26022017000000000006000001000132                         0900000000000010000000000000000000000000000000000000000   0000000000000000000000000A9        170192964704     
0010001300052U 020000000000000000000000000000000000000000000000000000000000000000000000000000000000000000000000000000000000000000000000002402201700000000            000000000000000                              000                           
0010001300053T 020180230000002544776 29647040827017248   7               26022017000000000008000001022357                         0900000000000010000000000000000000000000000000000000000   0000000000000000000000000A9        170192964704     
0010001300054U 020000000000000000000000000000000000000000000000000000000000000000000000000000000000000000000000000000000000000000000000002402201700000000            000000000000000                              000                           
0010001300055T 020180230000002544776 29647040827032996   7               26022017000000000008000001022357                         0900000000000010000000000000000000000000000000000000000   0000000000000000000000000A9        170192964704     
0010001300056U 020000000000000000000000000000000000000000000000000000000000000000000000000000000000000000000000000000000000000000000000002402201700000000            000000000000000                              000                           
0010001300057T 020180230000002544776 29647040838010535   7               26022017000000000006000001001201                         0900000000000010000000000000000000000000000000000000000   0000000000000000000000000A9        170192964704     
0010001300058U 020000000000000000000000000000000000000000000000000000000000000000000000000000000000000000000000000000000000000000000000002402201700000000            000000000000000                              000                           
0010001300059T 020180230000002544776 29647040841526861   7               26022017000000000006000001016179                         0900000000000010000000000000000000000000000000000000000   0000000000000000000000000A9        170192964704     
0010001300060U 020000000000000000000000000000000000000000000000000000000000000000000000000000000000000000000000000000000000000000000000002402201700000000            000000000000000                              000                           
0010001300061T 020180230000002544776 29647040841548880   7               26022017000000000006000001016179                         0900000000000010000000000000000000000000000000000000000   0000000000000000000000000A9        170192964704     
0010001300062U 020000000000000000000000000000000000000000000000000000000000000000000000000000000000000000000000000000000000000000000000002402201700000000            000000000000000                              000                           
0010001300063T 020180230000002544776 29647040849244216   7               26022017000000000006000001014699                         0900000000000010000000000000000000000000000000000000000   0000000000000000000000000A9        170192964704     
0010001300064U 020000000000000000000000000000000000000000000000000000000000000000000000000000000000000000000000000000000000000000000000002402201700000000            000000000000000                              000                           
0010001300065T 020180230000002544776 29647040861157996   7               26022017000000000006000001020478                         0900000000000010500000000000000000000000000000000000000   0000000000000000000000000A9A4      170192964704     
0010001300066U 020000000000000000000000000000000000000000000000000000000000000000000000000000000000000000000000000000000000000000000000002402201700000000            000000000000000                              000                           
0010001300067T 020180230000002544776 29647040879912472   7               26022017000000000006000001006211                         0900000000000010000000000000000000000000000000000000000   0000000000000000000000000A9        170192964704     
0010001300068U 020000000000000000000000000000000000000000000000000000000000000000000000000000000000000000000000000000000000000000000000002402201700000000            000000000000000                              000                           
0010001300069T 020180230000002544776 29647040880122073   7               26022017000000000006000001006211                         0900000000000010000000000000000000000000000000000000000   0000000000000000000000000A9        170192964704     
0010001300070U 020000000000000000000000000000000000000000000000000000000000000000000000000000000000000000000000000000000000000000000000002402201700000000            000000000000000                              000                           
0010001300071T 020180230000002544776 29647040883812029   7               26022017000000000006000001024430                         0900000000000010000000000000000000000000000000000000000   0000000000000000000000000A9        170192964704     
0010001300072U 020000000000000000000000000000000000000000000000000000000000000000000000000000000000000000000000000000000000000000000000002402201700000000            000000000000000                              000                           
0010001300073T 020180230000002544776 29647040905002133   7               25022017000000000006000001023655                         0900000000000010000000000000000000000000000000000000000   0000000000000000000000000A9        170192964704     
0010001300074U 020000000000000000000000000000000000000000000000000000000000000000000000000000000000000000000000000000000000000000000000002302201700000000            000000000000000                              000                           
0010001300075T 020180230000002544776 29647040905509242   7               25022017000000000006000001008249                         0900000000000010000000000000000000000000000000000000000   0000000000000000000000000A9        170192964704     
0010001300076U 020000000000000000000000000000000000000000000000000000000000000000000000000000000000000000000000000000000000000000000000002302201700000000            000000000000000                              000                           
0010001300077T 020180230000002544776 29647040905754958   7               26022017000000000006000001000698                         0900000000000010000000000000000000000000000000000000000   0000000000000000000000000A9        170192964704     
0010001300078U 020000000000000000000000000000000000000000000000000000000000000000000000000000000000000000000000000000000000000000000000002402201700000000            000000000000000                              000                           
0010001300079T 020180230000002544776 29647040905846580   7               25022017000000000006000001035033                         0900000000000010000000000000000000000000000000000000000   0000000000000000000000000A9        170192964704     
0010001300080U 020000000000000000000000000000000000000000000000000000000000000000000000000000000000000000000000000000000000000000000000002302201700000000            000000000000000                              000                           
0010001300081T 020180230000002544776 29647040906813817   7               26022017000000000006000001018376                         0900000000000010000000000000000000000000000000000000000   0000000000000000000000000A9        170192964704     
0010001300082U 020000000000000000000000000000000000000000000000000000000000000000000000000000000000000000000000000000000000000000000000002402201700000000            000000000000000                              000                           
0010001300083T 020180230000002544776 29647040907052000   7               26022017000000000006000001028029                         0900000000000010000000000000000000000000000000000000000   0000000000000000000000000A9        170192964704     
0010001300084U 020000000000000000000000000000000000000000000000000000000000000000000000000000000000000000000000000000000000000000000000002402201700000000            000000000000000                              000                           
0010001300085T 020180230000002544776 29647040907138670   7               26022017000000000006000001028029                         0900000000000010000000000000000000000000000000000000000   0000000000000000000000000A9        170192964704     
0010001300086U 020000000000000000000000000000000000000000000000000000000000000000000000000000000000000000000000000000000000000000000000002402201700000000            000000000000000                              000                           
0010001300087T 020180230000002544776 29647040907157649   7               26022017000000000006000001028029                         0900000000000010000000000000000000000000000000000000000   0000000000000000000000000A9        170192964704     
0010001300088U 020000000000000000000000000000000000000000000000000000000000000000000000000000000000000000000000000000000000000000000000002402201700000000            000000000000000                              000                           
0010001300089T 020180230000002544776 29647040907326510   7               26022017000000000006000001035033                         0900000000000010000000000000000000000000000000000000000   0000000000000000000000000A9        170192964704     
0010001300090U 020000000000000000000000000000000000000000000000000000000000000000000000000000000000000000000000000000000000000000000000002402201700000000            000000000000000                              000                           
0010001300091T 020180230000002544776 29647040907716696   7               26022017000000000006000001028029                         0900000000000010000000000000000000000000000000000000000   0000000000000000000000000A9        170192964704     
0010001300092U 020000000000000000000000000000000000000000000000000000000000000000000000000000000000000000000000000000000000000000000000002402201700000000            000000000000000                              000                           
0010001300093T 020180230000002544776 29647040907806962   7               26022017000000000006000001006254                         0900000000000010000000000000000000000000000000000000000   0000000000000000000000000A9        170192964704     
0010001300094U 020000000000000000000000000000000000000000000000000000000000000000000000000000000000000000000000000000000000000000000000002402201700000000            000000000000000                              000                           
0010001300095T 020180230000002544776 29647040908107913   7               26022017000000000008000001016179                         0900000000000010000000000000000000000000000000000000000   0000000000000000000000000A9        170192964704     
0010001300096U 020000000000000000000000000000000000000000000000000000000000000000000000000000000000000000000000000000000000000000000000002402201700000000            000000000000000                              000                           
0010001300097T 020180230000002544776 29647040908254217   7               26022017000000000006000001033316                         0900000000000010000000000000000000000000000000000000000   0000000000000000000000000A9        170192964704     
0010001300098U 020000000000000000000000000000000000000000000000000000000000000000000000000000000000000000000000000000000000000000000000002402201700000000            000000000000000                              000                           
0010001300099T 020180230000002544776 29647040908423101   7               26022017000000000006000001044865                         0900000000000010000000000000000000000000000000000000000   0000000000000000000000000A9        170192964704     
0010001300100U 020000000000000000000000000000000000000000000000000000000000000000000000000000000000000000000000000000000000000000000000002402201700000000            000000000000000                              000                           
0010001300101T 020180230000002544776 29647040908442881   7               26022017000000000006000001044865                         0900000000000010000000000000000000000000000000000000000   0000000000000000000000000A9        170192964704     
0010001300102U 020000000000000000000000000000000000000000000000000000000000000000000000000000000000000000000000000000000000000000000000002402201700000000            000000000000000                              000                           
0010001300103T 020180230000002544776 29647040908455702   7               26022017000000000006000001044865                         0900000000000010000000000000000000000000000000000000000   0000000000000000000000000A9        170192964704     
0010001300104U 020000000000000000000000000000000000000000000000000000000000000000000000000000000000000000000000000000000000000000000000002402201700000000            000000000000000                              000                           
0010001300105T 020180230000002544776 29647040908854969   7               26022017000000000006000001033316                         0900000000000010000000000000000000000000000000000000000   0000000000000000000000000A9        170192964704     
0010001300106U 020000000000000000000000000000000000000000000000000000000000000000000000000000000000000000000000000000000000000000000000002402201700000000            000000000000000                              000                           
0010001300107T 020180230000002544776 29647040909153936   7               26022017000000000006000001016179                         0900000000000010000000000000000000000000000000000000000   0000000000000000000000000A9        170192964704     
0010001300108U 020000000000000000000000000000000000000000000000000000000000000000000000000000000000000000000000000000000000000000000000002402201700000000            000000000000000                              000                           
0010001300109T 020180230000002544776 29647040909202934   7               26022017000000000006000001000132                         0900000000000010500000000000000000000000000000000000000   0000000000000000000000000A9A4      170192964704     
0010001300110U 020000000000000000000000000000000000000000000000000000000000000000000000000000000000000000000000000000000000000000000000002402201700000000            000000000000000                              000                           
0010001300111T 020180230000002544776 29647040909312031   7               26022017000000000006000001033316                         0900000000000010000000000000000000000000000000000000000   0000000000000000000000000A9        170192964704     
0010001300112U 020000000000000000000000000000000000000000000000000000000000000000000000000000000000000000000000000000000000000000000000002402201700000000            000000000000000                              000                           
0010001300113T 020180230000002544776 29647040909701846   7               26022017000000000006000001009466                         0900000000000010000000000000000000000000000000000000000   0000000000000000000000000A9        170192964704     
0010001300114U 020000000000000000000000000000000000000000000000000000000000000000000000000000000000000000000000000000000000000000000000002402201700000000            000000000000000                              000                           
0010001300115T 020180230000002544776 29647040909915853   7               26022017000000000008000001033316                         0900000000000010000000000000000000000000000000000000000   0000000000000000000000000A9        170192964704     
0010001300116U 020000000000000000000000000000000000000000000000000000000000000000000000000000000000000000000000000000000000000000000000002402201700000000            000000000000000                              000                           
0010001300117T 020180230000002544776 29647040910646308   7               2602201700000000000600000100233X                         0900000000000010000000000000000000000000000000000000000   0000000000000000000000000A9        170192964704     
0010001300118U 020000000000000000000000000000000000000000000000000000000000000000000000000000000000000000000000000000000000000000000000002402201700000000            000000000000000                              000                           
0010001300119T 020180230000002544776 29647040910727738   7               26022017000000000006000001012467                         0900000000000010000000000000000000000000000000000000000   0000000000000000000000000A9        170192964704     
0010001300120U 020000000000000000000000000000000000000000000000000000000000000000000000000000000000000000000000000000000000000000000000002402201700000000            000000000000000                              000                           
0010001300121T 020180230000002544776 29647040911539177   7               26022017000000000006000001023655                         0900000000000010000000000000000000000000000000000000000   0000000000000000000000000A9        170192964704     
0010001300122U 020000000000000000000000000000000000000000000000000000000000000000000000000000000000000000000000000000000000000000000000002402201700000000            000000000000000                              000                           
0010001300123T 020180230000002544776 29647040912207602   7               2602201700000000000800000101981X                         0900000000000010000000000000000000000000000000000000000   0000000000000000000000000A9        170192964704     
0010001300124U 020000000000000000000000000000000000000000000000000000000000000000000000000000000000000000000000000000000000000000000000002402201700000000            000000000000000                              000                           
0010001300125T 020180230000002544776 29647040912556071   7               2602201700000000000600000100233X                         0900000000000010000000000000000000000000000000000000000   0000000000000000000000000A9        170192964704     
0010001300126U 020000000000000000000000000000000000000000000000000000000000000000000000000000000000000000000000000000000000000000000000002402201700000000            000000000000000                              000                           
0010001300127T 020180230000002544776 29647040912742573   7               26022017000000000006000001028029                         0900000000000010000000000000000000000000000000000000000   0000000000000000000000000A9        170192964704     
0010001300128U 020000000000000000000000000000000000000000000000000000000000000000000000000000000000000000000000000000000000000000000000002402201700000000            000000000000000                              000                           
0010001300129T 020180230000002544776 29647040913229929   7               26022017000000000006000001033316                         0900000000000010000000000000000000000000000000000000000   0000000000000000000000000A9        170192964704     
0010001300130U 020000000000000000000000000000000000000000000000000000000000000000000000000000000000000000000000000000000000000000000000002402201700000000            000000000000000                              000                           
0010001300131T 020180230000002544776 29647040913432749   7               26022017000000000006000001009083                         0900000000000010000000000000000000000000000000000000000   0000000000000000000000000A9        170192964704     
0010001300132U 020000000000000000000000000000000000000000000000000000000000000000000000000000000000000000000000000000000000000000000000002402201700000000            000000000000000                              000                           
0010001300133T 020180230000002544776 29647040913537484   7               26022017000000000006000001009083                         0900000000000010000000000000000000000000000000000000000   0000000000000000000000000A9        170192964704     
0010001300134U 020000000000000000000000000000000000000000000000000000000000000000000000000000000000000000000000000000000000000000000000002402201700000000            000000000000000                              000                           
0010001300135T 020180230000002544776 29647040913805573   7               26022017000000000006000001028029                         0900000000000010000000000000000000000000000000000000000   0000000000000000000000000A9        170192964704     
0010001300136U 020000000000000000000000000000000000000000000000000000000000000000000000000000000000000000000000000000000000000000000000002402201700000000            000000000000000                              000                           
0010001300137T 020180230000002544776 29647040913923757   7               26022017000000000008000001016179                         0900000000000010000000000000000000000000000000000000000   0000000000000000000000000A9        170192964704     
0010001300138U 020000000000000000000000000000000000000000000000000000000000000000000000000000000000000000000000000000000000000000000000002402201700000000            000000000000000                              000                           
0010001300139T 020180230000002544776 29647040913951065   7               26022017000000000008000001016179                         0900000000000010000000000000000000000000000000000000000   0000000000000000000000000A9        170192964704     
0010001300140U 020000000000000000000000000000000000000000000000000000000000000000000000000000000000000000000000000000000000000000000000002402201700000000            000000000000000                              000                           
0010001300141T 020180230000002544776 29647040914142762   7               26022017000000000006000001016179                         0900000000000010500000000000000000000000000000000000000   0000000000000000000000000A9A4      170192964704     
0010001300142U 020000000000000000000000000000000000000000000000000000000000000000000000000000000000000000000000000000000000000000000000002402201700000000            000000000000000                              000                           
0010001300143T 020180230000002544776 29647040914146804   7               26022017000000000006000001016179                         0900000000000010500000000000000000000000000000000000000   0000000000000000000000000A9A4      170192964704     
0010001300144U 020000000000000000000000000000000000000000000000000000000000000000000000000000000000000000000000000000000000000000000000002402201700000000            000000000000000                              000                           
0010001300145T 020180230000002544776 29647040914402383   7               26022017000000000006000001007595                         0900000000000010000000000000000000000000000000000000000   0000000000000000000000000A9        170192964704     
0010001300146U 020000000000000000000000000000000000000000000000000000000000000000000000000000000000000000000000000000000000000000000000002402201700000000            000000000000000                              000                           
0010001300147T 020180230000002544776 29647040914712527   7               26022017000000000006000001012467                         0900000000000010000000000000000000000000000000000000000   0000000000000000000000000A9        170192964704     
0010001300148U 020000000000000000000000000000000000000000000000000000000000000000000000000000000000000000000000000000000000000000000000002402201700000000            000000000000000                              000                           
0010001300149T 020180230000002544776 29647040914825918   7               26022017000000000006000001012688                         0900000000000010500000000000000000000000000000000000000   0000000000000000000000000A9A4      170192964704     
0010001300150U 020000000000000000000000000000000000000000000000000000000000000000000000000000000000000000000000000000000000000000000000002402201700000000            000000000000000                              000                           
0010001300151T 020180230000002544776 29647040915032618   7               26022017000000000006000001001155                         0900000000000010000000000000000000000000000000000000000   0000000000000000000000000A9        170192964704     
0010001300152U 020000000000000000000000000000000000000000000000000000000000000000000000000000000000000000000000000000000000000000000000002402201700000000            000000000000000                              000                           
0010001300153T 020180230000002544776 29647040915148641   7               26022017000000000006000001001155                         0900000000000010000000000000000000000000000000000000000   0000000000000000000000000A9        170192964704     
0010001300154U 020000000000000000000000000000000000000000000000000000000000000000000000000000000000000000000000000000000000000000000000002402201700000000            000000000000000                              000                           
0010001300155T 020180230000002544776 29647040915233666   7               26022017000000000006000001016179                         0900000000000010000000000000000000000000000000000000000   0000000000000000000000000A9        170192964704     
0010001300156U 020000000000000000000000000000000000000000000000000000000000000000000000000000000000000000000000000000000000000000000000002402201700000000            000000000000000                              000                           
0010001300157T 020180230000002544776 29647040915338893   7               26022017000000000006000001024600                         0900000000000010000000000000000000000000000000000000000   0000000000000000000000000A9        170192964704     
0010001300158U 020000000000000000000000000000000000000000000000000000000000000000000000000000000000000000000000000000000000000000000000002402201700000000            000000000000000                              000                           
0010001300159T 020180230000002544776 29647040915431312   7               26022017000000000006000001009636                         0900000000000010000000000000000000000000000000000000000   0000000000000000000000000A9        170192964704     
0010001300160U 020000000000000000000000000000000000000000000000000000000000000000000000000000000000000000000000000000000000000000000000002402201700000000            000000000000000                              000                           
0010001300161T 020180230000002544776 29647040915431512   7               26022017000000000006000001009636                         0900000000000010000000000000000000000000000000000000000   0000000000000000000000000A9        170192964704     
0010001300162U 020000000000000000000000000000000000000000000000000000000000000000000000000000000000000000000000000000000000000000000000002402201700000000            000000000000000                              000                           
0010001300163T 020180230000002544776 29647040915441590   7               26022017000000000006000001009636                         0900000000000010000000000000000000000000000000000000000   0000000000000000000000000A9        170192964704     
0010001300164U 020000000000000000000000000000000000000000000000000000000000000000000000000000000000000000000000000000000000000000000000002402201700000000            000000000000000                              000                           
0010001300165T 020180230000002544776 29647040915444333   7               26022017000000000006000001009636                         0900000000000010000000000000000000000000000000000000000   0000000000000000000000000A9        170192964704     
0010001300166U 020000000000000000000000000000000000000000000000000000000000000000000000000000000000000000000000000000000000000000000000002402201700000000            000000000000000                              000                           
0010001300167T 020180230000002544776 29647040915523819   7               26022017000000000006000001000132                         0900000000000010000000000000000000000000000000000000000   0000000000000000000000000A9        170192964704     
0010001300168U 020000000000000000000000000000000000000000000000000000000000000000000000000000000000000000000000000000000000000000000000002402201700000000            000000000000000                              000                           
0010001300169T 020180230000002544776 29647040915857375   7               26022017000000000008000001016179                         0900000000000010000000000000000000000000000000000000000   0000000000000000000000000A9        170192964704     
0010001300170U 020000000000000000000000000000000000000000000000000000000000000000000000000000000000000000000000000000000000000000000000002402201700000000            000000000000000                              000                           
0010001300171T 020180230000002544776 29647040916053192   7               26022017000000000006000001008214                         0900000000000010000000000000000000000000000000000000000   0000000000000000000000000A9        170192964704     
0010001300172U 020000000000000000000000000000000000000000000000000000000000000000000000000000000000000000000000000000000000000000000000002402201700000000            000000000000000                              000                           
0010001300173T 020180230000002544776 29647040916216635   7               26022017000000000006000001012467                         0900000000000010000000000000000000000000000000000000000   0000000000000000000000000A9        170192964704     
0010001300174U 020000000000000000000000000000000000000000000000000000000000000000000000000000000000000000000000000000000000000000000000002402201700000000            000000000000000                              000                           
0010001300175T 020180230000002544776 29647040916258289   7               26022017000000000006000001012467                         0900000000000010000000000000000000000000000000000000000   0000000000000000000000000A9        170192964704     
0010001300176U 020000000000000000000000000000000000000000000000000000000000000000000000000000000000000000000000000000000000000000000000002402201700000000            000000000000000                              000                           
0010001300177T 020180230000002544776 29647040916614547   7               26022017000000000006000001012467                         0900000000000010000000000000000000000000000000000000000   0000000000000000000000000A9        170192964704     
0010001300178U 020000000000000000000000000000000000000000000000000000000000000000000000000000000000000000000000000000000000000000000000002402201700000000            000000000000000                              000                           
0010001300179T 020180230000002544776 29647040917034865   7               26022017000000000006000001008214                         0900000000000010000000000000000000000000000000000000000   0000000000000000000000000A9        170192964704     
0010001300180U 020000000000000000000000000000000000000000000000000000000000000000000000000000000000000000000000000000000000000000000000002402201700000000            000000000000000                              000                           
0010001300181T 060180230000002544776 29647040674424105   7               24022017000000000006000001015911                         0900000000000010000000000000000000000000000000000000000   000000000000000000000029000        170192964704     
0010001300182U 060000000000000000000000000000000000000000000000000000000000000000000000060000000000000057100000000000000000000000000000002402201702032017            000000000000000                              000                           
0010001300183T 060180230000002544776 29647040722211766   7               25022017000000000006000104000360                         0900000000000010000000000000000000000000000000000000000   000000000000000000000029000        170192964704     
0010001300184U 060000000000000000000000000000000000000000000000000000000000000000000000060000000000000057100000000000000000000000000000002402201702032017            000000000000000                              000                           
0010001300185T 060180230000002544776 29647040757208432   7               25022017000000000006000341027460                         0900000000000010000000000000000000000000000000000000000   000000000000000000000029000        170192964704     
0010001300186U 060000000000000000000000000000000000000000000000000000000000000000000000060000000000000057100000000000000000000000000000002402201702032017            000000000000000                              000                           
0010001300187T 060180230000002544776 29647040764017621   7               26022017000000000008000001035254                         0900000000000010000000000000000000000000000000000000000   000000000000000000000029000        170192964704     
0010001300188U 060000000000000000000000000000000000000000000000000000000000000000000000080000000000000077100000000000000000000000000000002402201702032017            000000000000000                              000                           
0010001300189T 060180230000002544776 29647040771434579   7               26022017000000000006000104047590                         0900000000000010000000000000000000000000000000000000000   000000000000000000000029000        170192964704     
0010001300190U 060000000000000000000000000000000000000000000000000000000000000000000000060000000000000057100000000000000000000000000000002402201702032017            000000000000000                              000                           
0010001300191T 060180230000002544776 29647040784322648   7               2502201700000000000600000105755X                         0900000000000010000000000000000000000000000000000000000   000000000000000000000029000        170192964704     
0010001300192U 060000000000000000000000000000000000000000000000000000000000000000000000060000000000000057100000000000000000000000000000002402201702032017            000000000000000                              000                           
0010001300193T 060180230000002544776 29647040813102532   7               26022017000000000008000041043120                         0900000000000010000000000000000000000000000000000000000   000000000000000000000029000        170192964704     
0010001300194U 060000000000000000000000000000000000000000000000000000000000000000000000080000000000000077100000000000000000000000000000002402201702032017            000000000000000                              000                           
0010001300195T 060180230000002544776 29647040824533156   7               24022017000000000008000001025208                         0900000000000010000000000000000000000000000000000000000   000000000000000000000029000        170192964704     
0010001300196U 060000000000000000000000000000000000000000000000000000000000000000000000080000000000000077100000000000000000000000000000002402201702032017            000000000000000                              000                           
0010001300197T 060180230000002544776 29647040838010535   7               26022017000000000006000104007130                         0900000000000010000000000000000000000000000000000000000   000000000000000000000029000        170192964704     
0010001300198U 060000000000000000000000000000000000000000000000000000000000000000000000060000000000000057100000000000000000000000000000002402201702032017            000000000000000                              000                           
0010001300199T 060180230000002544776 29647040869548522   7               24022017000000000008000104000460                         0900000000000010000000000000000000000000000000000000000   000000000000000000000029000        170192964704     
0010001300200U 060000000000000000000000000000000000000000000000000000000000000000000000080000000000000077100000000000000000000000000000002402201702032017            000000000000000                              000                           
0010001300201T 060180230000002544776 29647040876206089   7               24022017000000000006000001014494                         0900000000000010000000000000000000000000000000000000000   000000000000000000000029000        170192964704     
0010001300202U 060000000000000000000000000000000000000000000000000000000000000000000000060000000000000057100000000000000000000000000000002402201702032017            000000000000000                              000                           
0010001300203T 060180230000002544776 29647040879037625   7               24022017000000000008000001081019                         0900000000000010000000000000000000000000000000000000000   000000000000000000000029000        170192964704     
0010001300204U 060000000000000000000000000000000000000000000000000000000000000000000000080000000000000077100000000000000000000000000000002402201702032017            000000000000000                              000                           
0010001300205T 060180230000002544776 29647040879639608   7               24022017000000000006000104007130                         0900000000000010000000000000000000000000000000000000000   000000000000000000000029000        170192964704     
0010001300206U 060000000000000000000000000000000000000000000000000000000000000000000000060000000000000057100000000000000000000000000000002402201702032017            000000000000000                              000                           
0010001300207T 060180230000002544776 29647040879912472   7               26022017000000000006000104009850                         0900000000000010000000000000000000000000000000000000000   000000000000000000000029000        170192964704     
0010001300208U 060000000000000000000000000000000000000000000000000000000000000000000000060000000000000057100000000000000000000000000000002402201702032017            000000000000000                              000                           
0010001300209T 060180230000002544776 29647040880122073   7               26022017000000000006000104009850                         0900000000000010000000000000000000000000000000000000000   000000000000000000000029000        170192964704     
0010001300210U 060000000000000000000000000000000000000000000000000000000000000000000000060000000000000057100000000000000000000000000000002402201702032017            000000000000000                              000                           
0010001300211T 060180230000002544776 29647040883633595   7               24022017000000000006000341008770                         0900000000000010000000000000000000000000000000000000000   000000000000000000000029000        170192964704     
0010001300212U 060000000000000000000000000000000000000000000000000000000000000000000000060000000000000057100000000000000000000000000000002402201702032017            000000000000000                              000                           
0010001300213T 060180230000002544776 29647040884219636   7               24022017000000000006000104009040                         0900000000000010000000000000000000000000000000000000000   000000000000000000000029000        170192964704     
0010001300214U 060000000000000000000000000000000000000000000000000000000000000000000000060000000000000057100000000000000000000000000000002402201702032017            000000000000000                              000                           
0010001300215T 060180230000002544776 29647040884930849   7               24022017000000000006000104000480                         0900000000000010000000000000000000000000000000000000000   000000000000000000000029000        170192964704     
0010001300216U 060000000000000000000000000000000000000000000000000000000000000000000000060000000000000057100000000000000000000000000000002402201702032017            000000000000000                              000                           
0010001300217T 060180230000002544776 29647040888340252   7               24022017000000000006000104020490                         0900000000000010000000000000000000000000000000000000000   000000000000000000000029000        170192964704     
0010001300218U 060000000000000000000000000000000000000000000000000000000000000000000000060000000000000057100000000000000000000000000000002402201702032017            000000000000000                              000                           
0010001300219T 060180230000002544776 29647040898353183   7               25022017000000000006000001013455                         0900000000000010000000000000000000000000000000000000000   000000000000000000000029000        170192964704     
0010001300220U 060000000000000000000000000000000000000000000000000000000000000000000000060000000000000057100000000000000000000000000000002402201702032017            000000000000000                              000                           
0010001300221T 060180230000002544776 29647040900347948   7               25022017000000000006000104022210                         0900000000000010000000000000000000000000000000000000000   000000000000000000000029000        170192964704     
0010001300222U 060000000000000000000000000000000000000000000000000000000000000000000000060000000000000057100000000000000000000000000000002402201702032017            000000000000000                              000                           
0010001300223T 060180230000002544776 29647040905846580   7               25022017000000000006000104031220                         0900000000000010000000000000000000000000000000000000000   000000000000000000000029000        170192964704     
0010001300224U 060000000000000000000000000000000000000000000000000000000000000000000000060000000000000057100000000000000000000000000000002402201702032017            000000000000000                              000                           
0010001300225T 060180230000002544776 29647040907716696   7               26022017000000000006000001028029                         0900000000000010000000000000000000000000000000000000000   000000000000000000000029000        170192964704     
0010001300226U 060000000000000000000000000000000000000000000000000000000000000000000000060000000000000057100000000000000000000000000000002402201702032017            000000000000000                              000                           
0010001300227T 060180230000002544776 29647040912742573   7               26022017000000000006000033044190                         0900000000000010000000000000000000000000000000000000000   000000000000000000000029000        170192964704     
0010001300228U 060000000000000000000000000000000000000000000000000000000000000000000000060000000000000057100000000000000000000000000000002402201702032017            000000000000000                              000                           
00100015         000230002581000000000163360000000000000000000000000000000000000000000000000000000000000000000000000000000000000000000000000000000                                                                                              
00199999         000001000232000000                                                                                                                                                            00000000000000000000000000000                    
