00100000         2247745860001000029577050014       0180230000001544772 INSTITUTO DE SELECAO E TECNOLOBANCO DO BRASIL                         20102201701324500007603000000515122941PROCESSAMEN                                                 
00100011T0100020 20247745860001000029577050014       0180230000001544772 INSTITUTO DE SELECAO E TECNOLO                                                                                000000000102201700000000  000000000                      
0010001300001T 020180230000001544772 29577050058748350   788888888888889903022017000000000007500001012408888888888888899          0900000000000010000000000000000000000000000000000000000   0000000000000000000000000A9        170192957705     
0010001300002U 020000000000000000000000000000000000000000000000000000000000000000000000000000000000000000000000000000000000000000000000000102201700000000            000000000000000                              000                           
0010001300003T 020180230000001544772 29577050079235932   78888888888888990302201700000000000750000103049X888888888888899          0900000000000010000000000000000000000000000000000000000   0000000000000000000000000A9        170192957705     
0010001300004U 020000000000000000000000000000000000000000000000000000000000000000000000000000000000000000000000000000000000000000000000000102201700000000            000000000000000                              000                           
0010001300005T 020180230000001544772 29577050079305733   78888888888888990302201700000000000750000103049X888888888888899          0900000000000010000000000000000000000000000000000000000   0000000000000000000000000A9        170192957705     
0010001300006U 020000000000000000000000000000000000000000000000000000000000000000000000000000000000000000000000000000000000000000000000000102201700000000            000000000000000                              000                           
0010001300007T 020180230000001544772 29577050084240676   788888888888889903022017000000000007500001000213888888888888899          0900000000000010000000000000000000000000000000000000000   0000000000000000000000000A9        170192957705     
0010001300008U 020000000000000000000000000000000000000000000000000000000000000000000000000000000000000000000000000000000000000000000000000102201700000000            000000000000000                              000                           
0010001300009T 020180230000001544772 29577050152645147   78888888888888990302201700000000000750000103049X888888888888899          0900000000000010000000000000000000000000000000000000000   0000000000000000000000000A9        170192957705     
0010001300010U 020000000000000000000000000000000000000000000000000000000000000000000000000000000000000000000000000000000000000000000000000102201700000000            000000000000000                              000                           
0010001300011T 020180230000001544772 29577050159135818   788888888888889903022017000000000007500001012408888888888888899          0900000000000010000000000000000000000000000000000000000   0000000000000000000000000A9        170192957705     
0010001300012U 020000000000000000000000000000000000000000000000000000000000000000000000000000000000000000000000000000000000000000000000000102201700000000            000000000000000                              000                           
0010001300013T 020180230000001544772 29577050169947211   78888888888888990302201700000000000750000103049X888888888888899          0900000000000010000000000000000000000000000000000000000   0000000000000000000000000A9        170192957705     
0010001300014U 020000000000000000000000000000000000000000000000000000000000000000000000000000000000000000000000000000000000000000000000000102201700000000            000000000000000                              000                           
0010001300015T 020180230000001544772 29577050181306252   788888888888889903022017000000000007500001012408888888888888899          0900000000000010500000000000000000000000000000000000000   0000000000000000000000000A9A4      170192957705     
0010001300016U 020000000000000000000000000000000000000000000000000000000000000000000000000000000000000000000000000000000000000000000000000102201700000000            000000000000000                              000                           
0010001300017T 020180230000001544772 29577050190907800   788888888888889903022017000000000007500001000833888888888888899          0900000000000010000000000000000000000000000000000000000   0000000000000000000000000A9        170192957705     
0010001300018U 020000000000000000000000000000000000000000000000000000000000000000000000000000000000000000000000000000000000000000000000000102201700000000            000000000000000                              000                           
0010001300019T 020180230000001544772 29577050201306077   78888888888888990302201700000000000750000103049X888888888888899          0900000000000010000000000000000000000000000000000000000   0000000000000000000000000A9        170192957705     
0010001300020U 020000000000000000000000000000000000000000000000000000000000000000000000000000000000000000000000000000000000000000000000000102201700000000            000000000000000                              000                           
0010001300021T 020180230000001544772 29577050221848178   788888888888889903022017000000000007500001000213888888888888899          0900000000000010000000000000000000000000000000000000000   0000000000000000000000000A9        170192957705     
0010001300022U 020000000000000000000000000000000000000000000000000000000000000000000000000000000000000000000000000000000000000000000000000102201700000000            000000000000000                              000                           
0010001300023T 020180230000001544772 29577050246907043   788888888888889903022017000000000007500001009245888888888888899          0900000000000010000000000000000000000000000000000000000   0000000000000000000000000A9        170192957705     
0010001300024U 020000000000000000000000000000000000000000000000000000000000000000000000000000000000000000000000000000000000000000000000000102201700000000            000000000000000                              000                           
0010001300025T 020180230000001544772 29577050256910919   788888888888889903022017000000000007500001000213888888888888899          0900000000000010000000000000000000000000000000000000000   0000000000000000000000000A9        170192957705     
0010001300026U 020000000000000000000000000000000000000000000000000000000000000000000000000000000000000000000000000000000000000000000000000102201700000000            000000000000000                              000                           
0010001300027T 020180230000001544772 29577050256944283   788888888888889903022017000000000007500001000213888888888888899          0900000000000010000000000000000000000000000000000000000   0000000000000000000000000A9        170192957705     
0010001300028U 020000000000000000000000000000000000000000000000000000000000000000000000000000000000000000000000000000000000000000000000000102201700000000            000000000000000                              000                           
0010001300029T 020180230000001544772 29577050265828988   788888888888889903022017000000000007500001000833888888888888899          0900000000000010000000000000000000000000000000000000000   0000000000000000000000000A9        170192957705     
0010001300030U 020000000000000000000000000000000000000000000000000000000000000000000000000000000000000000000000000000000000000000000000000102201700000000            000000000000000                              000                           
0010001300031T 020180230000001544772 29577050265856025   788888888888889903022017000000000007500001000833888888888888899          0900000000000010000000000000000000000000000000000000000   0000000000000000000000000A9        170192957705     
0010001300032U 020000000000000000000000000000000000000000000000000000000000000000000000000000000000000000000000000000000000000000000000000102201700000000            000000000000000                              000                           
0010001300033T 020180230000001544772 29577050269813992   788888888888889903022017000000000007500001000213888888888888899          0900000000000010000000000000000000000000000000000000000   0000000000000000000000000A9        170192957705     
0010001300034U 020000000000000000000000000000000000000000000000000000000000000000000000000000000000000000000000000000000000000000000000000102201700000000            000000000000000                              000                           
0010001300035T 020180230000001544772 29577050271057325   788888888888889903022017000000000007500001000213888888888888899          0900000000000010000000000000000000000000000000000000000   0000000000000000000000000A9        170192957705     
0010001300036U 020000000000000000000000000000000000000000000000000000000000000000000000000000000000000000000000000000000000000000000000000102201700000000            000000000000000                              000                           
0010001300037T 020180230000001544772 29577050322129172   788888888888889903022017000000000007500001002860888888888888899          0900000000000010000000000000000000000000000000000000000   0000000000000000000000000A9        170192957705     
0010001300038U 020000000000000000000000000000000000000000000000000000000000000000000000000000000000000000000000000000000000000000000000000102201700000000            000000000000000                              000                           
0010001300039T 020180230000001544772 29577050327202238   788888888888889903022017000000000007500001012408888888888888899          0900000000000010000000000000000000000000000000000000000   0000000000000000000000000A9        170192957705     
0010001300040U 020000000000000000000000000000000000000000000000000000000000000000000000000000000000000000000000000000000000000000000000000102201700000000            000000000000000                              000                           
0010001300041T 020180230000001544772 29577050328214186   788888888888889903022017000000000007500001012408888888888888899          0900000000000010000000000000000000000000000000000000000   0000000000000000000000000A9        170192957705     
0010001300042U 020000000000000000000000000000000000000000000000000000000000000000000000000000000000000000000000000000000000000000000000000102201700000000            000000000000000                              000                           
0010001300043T 020180230000001544772 29577050328314769   788888888888889903022017000000000007500001012408888888888888899          0900000000000010000000000000000000000000000000000000000   0000000000000000000000000A9        170192957705     
0010001300044U 020000000000000000000000000000000000000000000000000000000000000000000000000000000000000000000000000000000000000000000000000102201700000000            000000000000000                              000                           
0010001300045T 020180230000001544772 29577050333639127   788888888888889903022017000000000007500001000213888888888888899          0900000000000010000000000000000000000000000000000000000   0000000000000000000000000A9        170192957705     
0010001300046U 020000000000000000000000000000000000000000000000000000000000000000000000000000000000000000000000000000000000000000000000000102201700000000            000000000000000                              000                           
0010001300047T 020180230000001544772 29577050336754471   788888888888889903022017000000000007500001012416888888888888899          0900000000000010000000000000000000000000000000000000000   0000000000000000000000000A9        170192957705     
0010001300048U 020000000000000000000000000000000000000000000000000000000000000000000000000000000000000000000000000000000000000000000000000102201700000000            000000000000000                              000                           
0010001300049T 020180230000001544772 29577050361312945   788888888888889903022017000000000010000001012408888888888888899          0900000000000010000000000000000000000000000000000000000   0000000000000000000000000A9        170192957705     
0010001300050U 020000000000000000000000000000000000000000000000000000000000000000000000000000000000000000000000000000000000000000000000000102201700000000            000000000000000                              000                           
0010001300051T 020180230000001544772 29577050361340463   788888888888889903022017000000000010000001012408888888888888899          0900000000000010000000000000000000000000000000000000000   0000000000000000000000000A9        170192957705     
0010001300052U 020000000000000000000000000000000000000000000000000000000000000000000000000000000000000000000000000000000000000000000000000102201700000000            000000000000000                              000                           
0010001300053T 020180230000001544772 29577050368853138   78888888888888990302201700000000000750000103049X888888888888899          0900000000000010000000000000000000000000000000000000000   0000000000000000000000000A9        170192957705     
0010001300054U 020000000000000000000000000000000000000000000000000000000000000000000000000000000000000000000000000000000000000000000000000102201700000000            000000000000000                              000                           
0010001300055T 020180230000001544772 29577050369940028   788888888888889903022017000000000007500001000213888888888888899          0900000000000010000000000000000000000000000000000000000   0000000000000000000000000A9        170192957705     
0010001300056U 020000000000000000000000000000000000000000000000000000000000000000000000000000000000000000000000000000000000000000000000000102201700000000            000000000000000                              000                           
0010001300057T 020180230000001544772 29577050370122257   78888888888888990302201700000000000750000103049X888888888888899          0900000000000010000000000000000000000000000000000000000   0000000000000000000000000A9        170192957705     
0010001300058U 020000000000000000000000000000000000000000000000000000000000000000000000000000000000000000000000000000000000000000000000000102201700000000            000000000000000                              000                           
0010001300059T 020180230000001544772 29577050370420223   788888888888889903022017000000000007500001012408888888888888899          0900000000000010000000000000000000000000000000000000000   0000000000000000000000000A9        170192957705     
0010001300060U 020000000000000000000000000000000000000000000000000000000000000000000000000000000000000000000000000000000000000000000000000102201700000000            000000000000000                              000                           
0010001300061T 020180230000001544772 29577050370538286   78888888888888990302201700000000000750000103049X888888888888899          0900000000000010000000000000000000000000000000000000000   0000000000000000000000000A9        170192957705     
0010001300062U 020000000000000000000000000000000000000000000000000000000000000000000000000000000000000000000000000000000000000000000000000102201700000000            000000000000000                              000                           
0010001300063T 020180230000001544772 29577050370732967   788888888888889903022017000000000007500001000833888888888888899          0900000000000010000000000000000000000000000000000000000   0000000000000000000000000A9        170192957705     
0010001300064U 020000000000000000000000000000000000000000000000000000000000000000000000000000000000000000000000000000000000000000000000000102201700000000            000000000000000                              000                           
0010001300065T 020180230000001544772 29577050370839633   788888888888889903022017000000000007500001012416888888888888899          0900000000000010000000000000000000000000000000000000000   0000000000000000000000000A9        170192957705     
0010001300066U 020000000000000000000000000000000000000000000000000000000000000000000000000000000000000000000000000000000000000000000000000102201700000000            000000000000000                              000                           
0010001300067T 020180230000001544772 29577050370926163   788888888888889903022017000000000007500001012416888888888888899          0900000000000010000000000000000000000000000000000000000   0000000000000000000000000A9        170192957705     
0010001300068U 020000000000000000000000000000000000000000000000000000000000000000000000000000000000000000000000000000000000000000000000000102201700000000            000000000000000                              000                           
0010001300069T 020180230000001544772 29577050371141953   788888888888889903022017000000000007500001012408888888888888899          0900000000000010000000000000000000000000000000000000000   0000000000000000000000000A9        170192957705     
0010001300070U 020000000000000000000000000000000000000000000000000000000000000000000000000000000000000000000000000000000000000000000000000102201700000000            000000000000000                              000                           
0010001300071T 020180230000001544772 29577050371150959   788888888888889903022017000000000007500001012408888888888888899          0900000000000010000000000000000000000000000000000000000   0000000000000000000000000A9        170192957705     
0010001300072U 020000000000000000000000000000000000000000000000000000000000000000000000000000000000000000000000000000000000000000000000000102201700000000            000000000000000                              000                           
0010001300073T 020180230000001544772 29577050371241580   788888888888889903022017000000000007500001012416888888888888899          0900000000000010500000000000000000000000000000000000000   0000000000000000000000000A9A4      170192957705     
0010001300074U 020000000000000000000000000000000000000000000000000000000000000000000000000000000000000000000000000000000000000000000000000102201700000000            000000000000000                              000                           
0010001300075T 020180230000001544772 29577050371319225   788888888888889903022017000000000007500001012408888888888888899          0900000000000010000000000000000000000000000000000000000   0000000000000000000000000A9        170192957705     
0010001300076U 020000000000000000000000000000000000000000000000000000000000000000000000000000000000000000000000000000000000000000000000000102201700000000            000000000000000                              000                           
0010001300077T 020180230000001544772 29577050371456609   788888888888889903022017000000000007500001012408888888888888899          0900000000000010000000000000000000000000000000000000000   0000000000000000000000000A9        170192957705     
0010001300078U 020000000000000000000000000000000000000000000000000000000000000000000000000000000000000000000000000000000000000000000000000102201700000000            000000000000000                              000                           
0010001300079T 020180230000001544772 29577050371605348   788888888888889903022017000000000007500001014389888888888888899          0900000000000010000000000000000000000000000000000000000   0000000000000000000000000A9        170192957705     
0010001300080U 020000000000000000000000000000000000000000000000000000000000000000000000000000000000000000000000000000000000000000000000000102201700000000            000000000000000                              000                           
0010001300081T 020180230000001544772 29577050371710692   788888888888889903022017000000000007500001012408888888888888899          0900000000000010500000000000000000000000000000000000000   0000000000000000000000000A9A4      170192957705     
0010001300082U 020000000000000000000000000000000000000000000000000000000000000000000000000000000000000000000000000000000000000000000000000102201700000000            000000000000000                              000                           
0010001300083T 020180230000001544772 29577050371822563   78888888888888990302201700000000000750000103049X888888888888899          0900000000000010000000000000000000000000000000000000000   0000000000000000000000000A9        170192957705     
0010001300084U 020000000000000000000000000000000000000000000000000000000000000000000000000000000000000000000000000000000000000000000000000102201700000000            000000000000000                              000                           
0010001300085T 020180230000001544772 29577050371902928   788888888888889903022017000000000007500001000213888888888888899          0900000000000010000000000000000000000000000000000000000   0000000000000000000000000A9        170192957705     
0010001300086U 020000000000000000000000000000000000000000000000000000000000000000000000000000000000000000000000000000000000000000000000000102201700000000            000000000000000                              000                           
0010001300087T 020180230000001544772 29577050372100843   788888888888889903022017000000000007500001012416888888888888899          0900000000000010000000000000000000000000000000000000000   0000000000000000000000000A9        170192957705     
0010001300088U 020000000000000000000000000000000000000000000000000000000000000000000000000000000000000000000000000000000000000000000000000102201700000000            000000000000000                              000                           
0010001300089T 020180230000001544772 29577050372218029   78888888888888990302201700000000000750000103049X888888888888899          0900000000000010000000000000000000000000000000000000000   0000000000000000000000000A9        170192957705     
0010001300090U 020000000000000000000000000000000000000000000000000000000000000000000000000000000000000000000000000000000000000000000000000102201700000000            000000000000000                              000                           
0010001300091T 020180230000001544772 29577050372348648   788888888888889903022017000000000007500001008338888888888888899          0900000000000010000000000000000000000000000000000000000   0000000000000000000000000A9        170192957705     
0010001300092U 020000000000000000000000000000000000000000000000000000000000000000000000000000000000000000000000000000000000000000000000000102201700000000            000000000000000                              000                           
0010001300093T 020180230000001544772 29577050372917224   788888888888889903022017000000000010000001012408888888888888899          0900000000000010000000000000000000000000000000000000000   0000000000000000000000000A9        170192957705     
0010001300094U 020000000000000000000000000000000000000000000000000000000000000000000000000000000000000000000000000000000000000000000000000102201700000000            000000000000000                              000                           
0010001300095T 020180230000001544772 29577050372940968   788888888888889903022017000000000010000001012408888888888888899          0900000000000010000000000000000000000000000000000000000   0000000000000000000000000A9        170192957705     
0010001300096U 020000000000000000000000000000000000000000000000000000000000000000000000000000000000000000000000000000000000000000000000000102201700000000            000000000000000                              000                           
0010001300097T 020180230000001544772 29577050373044012   788888888888889903022017000000000007500001012408888888888888899          0900000000000010000000000000000000000000000000000000000   0000000000000000000000000A9        170192957705     
0010001300098U 020000000000000000000000000000000000000000000000000000000000000000000000000000000000000000000000000000000000000000000000000102201700000000            000000000000000                              000                           
0010001300099T 020180230000001544772 29577050373128087   788888888888889903022017000000000007500001012416888888888888899          0900000000000010000000000000000000000000000000000000000   0000000000000000000000000A9        170192957705     
0010001300100U 020000000000000000000000000000000000000000000000000000000000000000000000000000000000000000000000000000000000000000000000000102201700000000            000000000000000                              000                           
0010001300101T 020180230000001544772 29577050373236172   78888888888888990302201700000000000750000103049X888888888888899          0900000000000010000000000000000000000000000000000000000   0000000000000000000000000A9        170192957705     
0010001300102U 020000000000000000000000000000000000000000000000000000000000000000000000000000000000000000000000000000000000000000000000000102201700000000            000000000000000                              000                           
0010001300103T 020180230000001544772 29577050373307992   78888888888888990302201700000000000750000103049X888888888888899          0900000000000010000000000000000000000000000000000000000   0000000000000000000000000A9        170192957705     
0010001300104U 020000000000000000000000000000000000000000000000000000000000000000000000000000000000000000000000000000000000000000000000000102201700000000            000000000000000                              000                           
0010001300105T 020180230000001544772 29577050373550708   78888888888888990302201700000000000750000103049X888888888888899          0900000000000010000000000000000000000000000000000000000   0000000000000000000000000A9        170192957705     
0010001300106U 020000000000000000000000000000000000000000000000000000000000000000000000000000000000000000000000000000000000000000000000000102201700000000            000000000000000                              000                           
0010001300107T 020180230000001544772 29577050373720163   788888888888889903022017000000000007500001032085888888888888899          0900000000000010000000000000000000000000000000000000000   0000000000000000000000000A9        170192957705     
0010001300108U 020000000000000000000000000000000000000000000000000000000000000000000000000000000000000000000000000000000000000000000000000102201700000000            000000000000000                              000                           
0010001300109T 020180230000001544772 29577050373903661   78888888888888990302201700000000000750000103049X888888888888899          0900000000000010000000000000000000000000000000000000000   0000000000000000000000000A9        170192957705     
0010001300110U 020000000000000000000000000000000000000000000000000000000000000000000000000000000000000000000000000000000000000000000000000102201700000000            000000000000000                              000                           
0010001300111T 020180230000001544772 29577050374015463   788888888888889903022017000000000007500001012416888888888888899          0900000000000010000000000000000000000000000000000000000   0000000000000000000000000A9        170192957705     
0010001300112U 020000000000000000000000000000000000000000000000000000000000000000000000000000000000000000000000000000000000000000000000000102201700000000            000000000000000                              000                           
0010001300113T 020180230000001544772 29577050374042470   788888888888889903022017000000000007500001012416888888888888899          0900000000000010000000000000000000000000000000000000000   0000000000000000000000000A9        170192957705     
0010001300114U 020000000000000000000000000000000000000000000000000000000000000000000000000000000000000000000000000000000000000000000000000102201700000000            000000000000000                              000                           
0010001300115T 020180230000001544772 29577050374244441   788888888888889903022017000000000007500001000213888888888888899          0900000000000010000000000000000000000000000000000000000   0000000000000000000000000A9        170192957705     
0010001300116U 020000000000000000000000000000000000000000000000000000000000000000000000000000000000000000000000000000000000000000000000000102201700000000            000000000000000                              000                           
0010001300117T 020180230000001544772 29577050374353113   788888888888889903022017000000000007500001000213888888888888899          0900000000000010000000000000000000000000000000000000000   0000000000000000000000000A9        170192957705     
0010001300118U 020000000000000000000000000000000000000000000000000000000000000000000000000000000000000000000000000000000000000000000000000102201700000000            000000000000000                              000                           
0010001300119T 020180230000001544772 29577050374429819   788888888888889903022017000000000007500001007676888888888888899          0900000000000010000000000000000000000000000000000000000   0000000000000000000000000A9        170192957705     
0010001300120U 020000000000000000000000000000000000000000000000000000000000000000000000000000000000000000000000000000000000000000000000000102201700000000            000000000000000                              000                           
0010001300121T 020180230000001544772 29577050374517584   788888888888889903022017000000000007500001000213888888888888899          0900000000000010000000000000000000000000000000000000000   0000000000000000000000000A9        170192957705     
0010001300122U 020000000000000000000000000000000000000000000000000000000000000000000000000000000000000000000000000000000000000000000000000102201700000000            000000000000000                              000                           
0010001300123T 020180230000001544772 29577050374628591   788888888888889903022017000000000007500001000213888888888888899          0900000000000010000000000000000000000000000000000000000   0000000000000000000000000A9        170192957705     
0010001300124U 020000000000000000000000000000000000000000000000000000000000000000000000000000000000000000000000000000000000000000000000000102201700000000            000000000000000                              000                           
0010001300125T 020180230000001544772 29577050374737833   788888888888889903022017000000000007500001012416888888888888899          0900000000000010000000000000000000000000000000000000000   0000000000000000000000000A9        170192957705     
0010001300126U 020000000000000000000000000000000000000000000000000000000000000000000000000000000000000000000000000000000000000000000000000102201700000000            000000000000000                              000                           
0010001300127T 020180230000001544772 29577050374750654   788888888888889903022017000000000007500001012416888888888888899          0900000000000010000000000000000000000000000000000000000   0000000000000000000000000A9        170192957705     
0010001300128U 020000000000000000000000000000000000000000000000000000000000000000000000000000000000000000000000000000000000000000000000000102201700000000            000000000000000                              000                           
0010001300129T 020180230000001544772 29577050374803119   788888888888889903022017000000000007500001000213888888888888899          0900000000000010000000000000000000000000000000000000000   0000000000000000000000000A9        170192957705     
0010001300130U 020000000000000000000000000000000000000000000000000000000000000000000000000000000000000000000000000000000000000000000000000102201700000000            000000000000000                              000                           
0010001300131T 020180230000001544772 29577050374941391   788888888888889903022017000000000007500001000213888888888888899          0900000000000010000000000000000000000000000000000000000   0000000000000000000000000A9        170192957705     
0010001300132U 020000000000000000000000000000000000000000000000000000000000000000000000000000000000000000000000000000000000000000000000000102201700000000            000000000000000                              000                           
0010001300133T 020180230000001544772 29577050375046830   788888888888889903022017000000000007500001037605888888888888899          0900000000000010000000000000000000000000000000000000000   0000000000000000000000000A9        170192957705     
0010001300134U 020000000000000000000000000000000000000000000000000000000000000000000000000000000000000000000000000000000000000000000000000102201700000000            000000000000000                              000                           
0010001300135T 020180230000001544772 29577050375101512   788888888888889903022017000000000007500001012416888888888888899          0900000000000010000000000000000000000000000000000000000   0000000000000000000000000A9        170192957705     
0010001300136U 020000000000000000000000000000000000000000000000000000000000000000000000000000000000000000000000000000000000000000000000000102201700000000            000000000000000                              000                           
0010001300137T 020180230000001544772 29577050375226684   788888888888889903022017000000000007500001012416888888888888899          0900000000000010000000000000000000000000000000000000000   0000000000000000000000000A9        170192957705     
0010001300138U 020000000000000000000000000000000000000000000000000000000000000000000000000000000000000000000000000000000000000000000000000102201700000000            000000000000000                              000                           
0010001300139T 020180230000001544772 29577050375332645   788888888888889903022017000000000007500001012416888888888888899          0900000000000010000000000000000000000000000000000000000   0000000000000000000000000A9        170192957705     
0010001300140U 020000000000000000000000000000000000000000000000000000000000000000000000000000000000000000000000000000000000000000000000000102201700000000            000000000000000                              000                           
0010001300141T 020180230000001544772 29577050375445048   788888888888889903022017000000000007500001012408888888888888899          0900000000000010000000000000000000000000000000000000000   0000000000000000000000000A9        170192957705     
0010001300142U 020000000000000000000000000000000000000000000000000000000000000000000000000000000000000000000000000000000000000000000000000102201700000000            000000000000000                              000                           
0010001300143T 020180230000001544772 29577050375514694   788888888888889903022017000000000007500001012408888888888888899          0900000000000010000000000000000000000000000000000000000   0000000000000000000000000A9        170192957705     
0010001300144U 020000000000000000000000000000000000000000000000000000000000000000000000000000000000000000000000000000000000000000000000000102201700000000            000000000000000                              000                           
0010001300145T 020180230000001544772 29577050375739177   788888888888889903022017000000000007500001012408888888888888899          0900000000000010000000000000000000000000000000000000000   0000000000000000000000000A9        170192957705     
0010001300146U 020000000000000000000000000000000000000000000000000000000000000000000000000000000000000000000000000000000000000000000000000102201700000000            000000000000000                              000                           
0010001300147T 020180230000001544772 29577050375846762   788888888888889903022017000000000007500001000248888888888888899          0900000000000010000000000000000000000000000000000000000   0000000000000000000000000A9        170192957705     
0010001300148U 020000000000000000000000000000000000000000000000000000000000000000000000000000000000000000000000000000000000000000000000000102201700000000            000000000000000                              000                           
0010001300149T 020180230000001544772 29577050375853033   788888888888889903022017000000000007500001000248888888888888899          0900000000000010000000000000000000000000000000000000000   0000000000000000000000000A9        170192957705     
0010001300150U 020000000000000000000000000000000000000000000000000000000000000000000000000000000000000000000000000000000000000000000000000102201700000000            000000000000000                              000                           
0010001300151T 020180230000001544772 29577050375914617   788888888888889903022017000000000007500001000248888888888888899          0900000000000010000000000000000000000000000000000000000   0000000000000000000000000A9        170192957705     
0010001300152U 020000000000000000000000000000000000000000000000000000000000000000000000000000000000000000000000000000000000000000000000000102201700000000            000000000000000                              000                           
0010001300153T 020180230000001544772 29577050376042265   78888888888888990302201700000000000750000103049X888888888888899          0900000000000010500000000000000000000000000000000000000   0000000000000000000000000A9A4      170192957705     
0010001300154U 020000000000000000000000000000000000000000000000000000000000000000000000000000000000000000000000000000000000000000000000000102201700000000            000000000000000                              000                           
0010001300155T 020180230000001544772 29577050376119396   788888888888889903022017000000000007500001014028888888888888899          0900000000000010000000000000000000000000000000000000000   0000000000000000000000000A9        170192957705     
0010001300156U 020000000000000000000000000000000000000000000000000000000000000000000000000000000000000000000000000000000000000000000000000102201700000000            000000000000000                              000                           
0010001300157T 020180230000001544772 29577050376252608   78888888888888990302201700000000000750000103049X888888888888899          0900000000000010500000000000000000000000000000000000000   0000000000000000000000000A9A4      170192957705     
0010001300158U 020000000000000000000000000000000000000000000000000000000000000000000000000000000000000000000000000000000000000000000000000102201700000000            000000000000000                              000                           
0010001300159T 020180230000001544772 29577050376342032   788888888888889903022017000000000007500001012416888888888888899          0900000000000010000000000000000000000000000000000000000   0000000000000000000000000A9        170192957705     
0010001300160U 020000000000000000000000000000000000000000000000000000000000000000000000000000000000000000000000000000000000000000000000000102201700000000            000000000000000                              000                           
0010001300161T 020180230000001544772 29577050376406588   788888888888889903022017000000000010000001001120888888888888899          0900000000000010000000000000000000000000000000000000000   0000000000000000000000000A9        170192957705     
0010001300162U 020000000000000000000000000000000000000000000000000000000000000000000000000000000000000000000000000000000000000000000000000102201700000000            000000000000000                              000                           
0010001300163T 020180230000001544772 29577050376526810   788888888888889903022017000000000007500001001120888888888888899          0900000000000010000000000000000000000000000000000000000   0000000000000000000000000A9        170192957705     
0010001300164U 020000000000000000000000000000000000000000000000000000000000000000000000000000000000000000000000000000000000000000000000000102201700000000            000000000000000                              000                           
0010001300165T 020180230000001544772 29577050376649480   78888888888888990302201700000000000750000103049X888888888888899          0900000000000010000000000000000000000000000000000000000   0000000000000000000000000A9        170192957705     
0010001300166U 020000000000000000000000000000000000000000000000000000000000000000000000000000000000000000000000000000000000000000000000000102201700000000            000000000000000                              000                           
0010001300167T 020180230000001544772 29577050376741021   788888888888889903022017000000000007500001000213888888888888899          0900000000000010000000000000000000000000000000000000000   0000000000000000000000000A9        170192957705     
0010001300168U 020000000000000000000000000000000000000000000000000000000000000000000000000000000000000000000000000000000000000000000000000102201700000000            000000000000000                              000                           
0010001300169T 020180230000001544772 29577050376857233   78888888888888990302201700000000000750000103049X888888888888899          0900000000000010000000000000000000000000000000000000000   0000000000000000000000000A9        170192957705     
0010001300170U 020000000000000000000000000000000000000000000000000000000000000000000000000000000000000000000000000000000000000000000000000102201700000000            000000000000000                              000                           
0010001300171T 020180230000001544772 29577050376911017   788888888888889903022017000000000007500001012408888888888888899          0900000000000010000000000000000000000000000000000000000   0000000000000000000000000A9        170192957705     
0010001300172U 020000000000000000000000000000000000000000000000000000000000000000000000000000000000000000000000000000000000000000000000000102201700000000            000000000000000                              000                           
0010001300173T 020180230000001544772 29577050377123565   788888888888889903022017000000000007500001012408888888888888899          0900000000000010000000000000000000000000000000000000000   0000000000000000000000000A9        170192957705     
0010001300174U 020000000000000000000000000000000000000000000000000000000000000000000000000000000000000000000000000000000000000000000000000102201700000000            000000000000000                              000                           
0010001300175T 020180230000001544772 29577050377200015   788888888888889903022017000000000007500001012890888888888888899          0900000000000010000000000000000000000000000000000000000   0000000000000000000000000A9        170192957705     
0010001300176U 020000000000000000000000000000000000000000000000000000000000000000000000000000000000000000000000000000000000000000000000000102201700000000            000000000000000                              000                           
0010001300177T 020180230000001544772 29577050377418028   78888888888888990302201700000000000750000103049X888888888888899          0900000000000010000000000000000000000000000000000000000   0000000000000000000000000A9        170192957705     
0010001300178U 020000000000000000000000000000000000000000000000000000000000000000000000000000000000000000000000000000000000000000000000000102201700000000            000000000000000                              000                           
0010001300179T 020180230000001544772 29577050377654337   788888888888889903022017000000000007500001046280888888888888899          0900000000000010000000000000000000000000000000000000000   0000000000000000000000000A9        170192957705     
0010001300180U 020000000000000000000000000000000000000000000000000000000000000000000000000000000000000000000000000000000000000000000000000102201700000000            000000000000000                              000                           
0010001300181T 020180230000001544772 29577050377808753   788888888888889903022017000000000007500001012416888888888888899          0900000000000010000000000000000000000000000000000000000   0000000000000000000000000A9        170192957705     
0010001300182U 020000000000000000000000000000000000000000000000000000000000000000000000000000000000000000000000000000000000000000000000000102201700000000            000000000000000                              000                           
0010001300183T 020180230000001544772 29577050377942095   78888888888888990302201700000000000750000103049X888888888888899          0900000000000010000000000000000000000000000000000000000   0000000000000000000000000A9        170192957705     
0010001300184U 020000000000000000000000000000000000000000000000000000000000000000000000000000000000000000000000000000000000000000000000000102201700000000            000000000000000                              000                           
0010001300185T 020180230000001544772 29577050378014903   78888888888888990302201700000000000750000103049X888888888888899          0900000000000010000000000000000000000000000000000000000   0000000000000000000000000A9        170192957705     
0010001300186U 020000000000000000000000000000000000000000000000000000000000000000000000000000000000000000000000000000000000000000000000000102201700000000            000000000000000                              000                           
0010001300187T 020180230000001544772 29577050378151886   788888888888889903022017000000000007500001000213888888888888899          0900000000000010000000000000000000000000000000000000000   0000000000000000000000000A9        170192957705     
0010001300188U 020000000000000000000000000000000000000000000000000000000000000000000000000000000000000000000000000000000000000000000000000102201700000000            000000000000000                              000                           
0010001300189T 020180230000001544772 29577050378210692   788888888888889903022017000000000007500001012416888888888888899          0900000000000010000000000000000000000000000000000000000   0000000000000000000000000A9        170192957705     
0010001300190U 020000000000000000000000000000000000000000000000000000000000000000000000000000000000000000000000000000000000000000000000000102201700000000            000000000000000                              000                           
0010001300191T 020180230000001544772 29577050378340223   788888888888889903022017000000000007500001000213888888888888899          0900000000000010000000000000000000000000000000000000000   0000000000000000000000000A9        170192957705     
0010001300192U 020000000000000000000000000000000000000000000000000000000000000000000000000000000000000000000000000000000000000000000000000102201700000000            000000000000000                              000                           
0010001300193T 020180230000001544772 29577050378544012   788888888888889903022017000000000007500001000213888888888888899          0900000000000010000000000000000000000000000000000000000   0000000000000000000000000A9        170192957705     
0010001300194U 020000000000000000000000000000000000000000000000000000000000000000000000000000000000000000000000000000000000000000000000000102201700000000            000000000000000                              000                           
0010001300195T 060180230000001544772 29577050058748350   788888888888889903022017000000000007500021001010888888888888899          0900000000000010000000000000000000000000000000000000000   000000000000000000000029000        170192957705     
0010001300196U 060000000000000000000000000000000000000000000000000000000000000000000000075000000000000072100000000000000000000000000000000102201702022017            000000000000000                              000                           
0010001300197T 060180230000001544772 29577050135854753   788888888888889902022017000000000007500021002080888888888888899          0900000000000010000000000000000000000000000000000000000   000000000000000000000029000        170192957705     
0010001300198U 060000000000000000000000000000000000000000000000000000000000000000000000075000000000000072100000000000000000000000000000000102201702022017            000000000000000                              000                           
0010001300199T 060180230000001544772 29577050159135818   788888888888889903022017000000000007500104030250888888888888899          0900000000000010000000000000000000000000000000000000000   000000000000000000000029000        170192957705     
0010001300200U 060000000000000000000000000000000000000000000000000000000000000000000000075000000000000072100000000000000000000000000000000102201702022017            000000000000000                              000                           
0010001300201T 170180230000001544772 29577050176133943   7               00000000000000000007500104010460                         0900000000000010000000000000000000000000000000000000000   000000000000000000000070003        170192957705     
0010001300202U 170000000000000000000000000000000000000000000000000000000000000000000000075000000000000068000000000000000000000000000000000102201702022017            000000000000000                              000                           
0010001300203T 060180230000001544772 29577050226454753   788888888888889902022017000000000007500001056103888888888888899          0900000000000010000000000000000000000000000000000000000   000000000000000000000029000        170192957705     
0010001300204U 060000000000000000000000000000000000000000000000000000000000000000000000075000000000000072100000000000000000000000000000000102201702022017            000000000000000                              000                           
0010001300205T 060180230000001544772 29577050269413401   788888888888889902022017000000000007500021001080888888888888899          0900000000000010000000000000000000000000000000000000000   000000000000000000000029000        170192957705     
0010001300206U 060000000000000000000000000000000000000000000000000000000000000000000000075000000000000072100000000000000000000000000000000102201702022017            000000000000000                              000                           
0010001300207T 060180230000001544772 29577050271057325   788888888888889903022017000000000007500033039800888888888888899          0900000000000010000000000000000000000000000000000000000   000000000000000000000029000        170192957705     
0010001300208U 060000000000000000000000000000000000000000000000000000000000000000000000075000000000000072100000000000000000000000000000000102201702022017            000000000000000                              000                           
0010001300209T 060180230000001544772 29577050294628745   788888888888889902022017000000000007500033038740888888888888899          0900000000000010000000000000000000000000000000000000000   000000000000000000000029000        170192957705     
0010001300210U 060000000000000000000000000000000000000000000000000000000000000000000000075000000000000072100000000000000000000000000000000102201702022017            000000000000000                              000                           
0010001300211T 060180230000001544772 29577050315346171   788888888888889902022017000000000007500104020990888888888888899          0900000000000010000000000000000000000000000000000000000   000000000000000000000029000        170192957705     
0010001300212U 060000000000000000000000000000000000000000000000000000000000000000000000075000000000000072100000000000000000000000000000000102201702022017            000000000000000                              000                           
0010001300213T 060180230000001544772 29577050325052092   788888888888889902022017000000000007500001031674888888888888899          0900000000000010000000000000000000000000000000000000000   000000000000000000000029000        170192957705     
0010001300214U 060000000000000000000000000000000000000000000000000000000000000000000000075000000000000072100000000000000000000000000000000102201702022017            000000000000000                              000                           
0010001300215T 060180230000001544772 29577050333639127   788888888888889903022017000000000007500104025030888888888888899          0900000000000010000000000000000000000000000000000000000   000000000000000000000029000        170192957705     
0010001300216U 060000000000000000000000000000000000000000000000000000000000000000000000075000000000000072100000000000000000000000000000000102201702022017            000000000000000                              000                           
0010001300217T 170180230000001544772 29577050338319331   7               00000000000000000007500001078166                         0900000000000010000000000000000000000000000000000000000   000000000000000000000070003        170192957705     
0010001300218U 170000000000000000000000000000000000000000000000000000000000000000000000075000000000000068000000000000000000000000000000000102201702022017            000000000000000                              000                           
0010001300219T 060180230000001544772 29577050343549754   788888888888889902022017000000000007500001014001888888888888899          0900000000000010000000000000000000000000000000000000000   000000000000000000000029000        170192957705     
0010001300220U 060000000000000000000000000000000000000000000000000000000000000000000000075000000000000072100000000000000000000000000000000102201702022017            000000000000000                              000                           
0010001300221T 060180230000001544772 29577050343655193   788888888888889902022017000000000007500104002260888888888888899          0900000000000010000000000000000000000000000000000000000   000000000000000000000029000        170192957705     
0010001300222U 060000000000000000000000000000000000000000000000000000000000000000000000075000000000000072100000000000000000000000000000000102201702022017            000000000000000                              000                           
0010001300223T 170180230000001544772 29577050344541264   7               00000000000000000007500021000420                         0900000000000010000000000000000000000000000000000000000   000000000000000000000070003        170192957705     
0010001300224U 170000000000000000000000000000000000000000000000000000000000000000000000075000000000000068000000000000000000000000000000000102201702022017            000000000000000                              000                           
0010001300225T 060180230000001544772 29577050344651670   788888888888889902022017000000000007500021000590888888888888899          0900000000000010000000000000000000000000000000000000000   000000000000000000000029000        170192957705     
0010001300226U 060000000000000000000000000000000000000000000000000000000000000000000000075000000000000072100000000000000000000000000000000102201702022017            000000000000000                              000                           
0010001300227T 060180230000001544772 29577050344853517   788888888888889902022017000000000007500021000590888888888888899          0900000000000010000000000000000000000000000000000000000   000000000000000000000029000        170192957705     
0010001300228U 060000000000000000000000000000000000000000000000000000000000000000000000075000000000000072100000000000000000000000000000000102201702022017            000000000000000                              000                           
0010001300229T 060180230000001544772 29577050350137214   788888888888889902022017000000000010000001057878888888888888899          0900000000000010000000000000000000000000000000000000000   000000000000000000000029000        170192957705     
0010001300230U 060000000000000000000000000000000000000000000000000000000000000000000000100000000000000097100000000000000000000000000000000102201702022017            000000000000000                              000                           
0010001300231T 170180230000001544772 29577050360034123   7               00000000000000000010000104030250                         0900000000000010000000000000000000000000000000000000000   000000000000000000000070003        170192957705     
0010001300232U 170000000000000000000000000000000000000000000000000000000000000000000000100000000000000093000000000000000000000000000000000102201702022017            000000000000000                              000                           
0010001300233T 170180230000001544772 29577050366932003   7               00000000000000000007500021000900                         0900000000000010000000000000000000000000000000000000000   000000000000000000000070003        170192957705     
0010001300234U 170000000000000000000000000000000000000000000000000000000000000000000000075000000000000068000000000000000000000000000000000102201702022017            000000000000000                              000                           
0010001300235T 170180230000001544772 29577050367638081   7               00000000000000000007500104001680                         0900000000000010000000000000000000000000000000000000000   000000000000000000000070003        170192957705     
0010001300236U 170000000000000000000000000000000000000000000000000000000000000000000000075000000000000068000000000000000000000000000000000102201702022017            000000000000000                              000                           
0010001300237T 060180230000001544772 29577050371241580   788888888888889903022017000000000007500341078550888888888888899          0900000000000010000000000000000000000000000000000000000   000000000000000000000029000        170192957705     
0010001300238U 060000000000000000000000000000000000000000000000000000000000000000000000075000000000000072100000000000000000000000000000000102201702022017            000000000000000                              000                           
0010001300239T 060180230000001544772 29577050371456609   788888888888889903022017000000000007500001029335888888888888899          0900000000000010000000000000000000000000000000000000000   000000000000000000000029000        170192957705     
0010001300240U 060000000000000000000000000000000000000000000000000000000000000000000000075000000000000072100000000000000000000000000000000102201702022017            000000000000000                              000                           
0010001300241T 060180230000001544772 29577050375445048   788888888888889903022017000000000007500033022880888888888888899          0900000000000010000000000000000000000000000000000000000   000000000000000000000029000        170192957705     
0010001300242U 060000000000000000000000000000000000000000000000000000000000000000000000075000000000000072100000000000000000000000000000000102201702022017            000000000000000                              000                           
0010001300243T 060180230000001544772 29577050377200015   788888888888889903022017000000000007500021001350888888888888899          0900000000000010000000000000000000000000000000000000000   000000000000000000000029000        170192957705     
0010001300244U 060000000000000000000000000000000000000000000000000000000000000000000000075000000000000072100000000000000000000000000000000102201702022017            000000000000000                              000                           
0010001300245T 060180230000001544772 29577050378210692   788888888888889903022017000000000007500237014460888888888888899          0900000000000010000000000000000000000000000000000000000   000000000000000000000029000        170192957705     
0010001300246U 060000000000000000000000000000000000000000000000000000000000000000000000075000000000000072100000000000000000000000000000000102201702022017            000000000000000                              000                           
0010001300247T 170180230000001544772 29577050380533945   7               00000000000000000007500104006620                         0900000000000010000000000000000000000000000000000000000   000000000000000000000070003        170192957705     
0010001300248U 170000000000000000000000000000000000000000000000000000000000000000000000075000000000000068000000000000000000000000000000000102201702022017            000000000000000                              000                           
0010001300249T 170180230000001544772 29577050381541132   7               00000000000000000007500104001680                         0900000000000010000000000000000000000000000000000000000   000000000000000000000070003        170192957705     
0010001300250U 170000000000000000000000000000000000000000000000000000000000000000000000075000000000000068000000000000000000000000000000000102201702022017            000000000000000                              000                           
0010001300251T 170180230000001544772 29577050382019204   7               00000000000000000007500104001670                         0900000000000010000000000000000000000000000000000000000   000000000000000000000070003        170192957705     
0010001300252U 170000000000000000000000000000000000000000000000000000000000000000000000075000000000000068000000000000000000000000000000000102201702022017            000000000000000                              000                           
0010001300253T 170180230000001544772 29577050382143757   7               00000000000000000007500104001670                         0900000000000010000000000000000000000000000000000000000   000000000000000000000070003        170192957705     
0010001300254U 170000000000000000000000000000000000000000000000000000000000000000000000075000000000000068000000000000000000000000000000000102201702022017            000000000000000                              000                           
0010001300255T 170180230000001544772 29577050382235126   7               00000000000000000007500104001670                         0900000000000010000000000000000000000000000000000000000   000000000000000000000070003        170192957705     
0010001300256U 170000000000000000000000000000000000000000000000000000000000000000000000075000000000000068000000000000000000000000000000000102201702022017            000000000000000                              000                           
0010001300257T 170180230000001544772 29577050384053982   7               00000000000000000007500104020420                         0900000000000010000000000000000000000000000000000000000   000000000000000000000070003        170192957705     
0010001300258U 170000000000000000000000000000000000000000000000000000000000000000000000075000000000000068000000000000000000000000000000000102201702022017            000000000000000                              000                           
0010001300259T 170180230000001544772 29577050384134478   7               00000000000000000010000001012408                         0900000000000010000000000000000000000000000000000000000   000000000000000000000070003        170192957705     
0010001300260U 170000000000000000000000000000000000000000000000000000000000000000000000100000000000000093000000000000000000000000000000000102201702022017            000000000000000                              000                           
0010001300261T 280180230000001544772 29577050011639231   788888888888889902012017000000000010000001000000888888888888899          0900000000000000000000000000000000000000000000000000000   000000000000000000000005002        170192957705     
0010001300262U 280000000000000000000000000000000000000000000000000000000000000000000000000000000000000000000000000000000000000000000000000102201700000000            000000000000000                              000                           
0010001300263T 280180230000001544772 29577050032304675   788888888888889902012017000000000007500001000000888888888888899          0900000000000000000000000000000000000000000000000000000   000000000000000000000005002        170192957705     
0010001300264U 280000000000000000000000000000000000000000000000000000000000000000000000000000000000000000000000000000000000000000000000000102201700000000            000000000000000                              000                           
0010001300265T 280180230000001544772 29577050032318194   788888888888889902012017000000000007500001000000888888888888899          0900000000000000000000000000000000000000000000000000000   000000000000000000000005002        170192957705     
0010001300266U 280000000000000000000000000000000000000000000000000000000000000000000000000000000000000000000000000000000000000000000000000102201700000000            000000000000000                              000                           
0010001300267T 280180230000001544772 29577050032336522   788888888888889902012017000000000007500001000000888888888888899          0900000000000000000000000000000000000000000000000000000   000000000000000000000005002        170192957705     
0010001300268U 280000000000000000000000000000000000000000000000000000000000000000000000000000000000000000000000000000000000000000000000000102201700000000            000000000000000                              000                           
0010001300269T 280180230000001544772 29577050032341724   788888888888889902012017000000000007500001000000888888888888899          0900000000000000000000000000000000000000000000000000000   000000000000000000000005002        170192957705     
0010001300270U 280000000000000000000000000000000000000000000000000000000000000000000000000000000000000000000000000000000000000000000000000102201700000000            000000000000000                              000                           
0010001300271T 280180230000001544772 29577050046730301   788888888888889902012017000000000007500001000000888888888888899          0900000000000000000000000000000000000000000000000000000   000000000000000000000005002        170192957705     
0010001300272U 280000000000000000000000000000000000000000000000000000000000000000000000000000000000000000000000000000000000000000000000000102201700000000            000000000000000                              000                           
0010001300273T 280180230000001544772 29577050114016312   788888888888889902012017000000000007500001000000888888888888899          0900000000000000000000000000000000000000000000000000000   000000000000000000000005002        170192957705     
0010001300274U 280000000000000000000000000000000000000000000000000000000000000000000000000000000000000000000000000000000000000000000000000102201700000000            000000000000000                              000                           
0010001300275T 280180230000001544772 29577050114503475   788888888888889902012017000000000007500001000000888888888888899          0900000000000000000000000000000000000000000000000000000   000000000000000000000005002        170192957705     
0010001300276U 280000000000000000000000000000000000000000000000000000000000000000000000000000000000000000000000000000000000000000000000000102201700000000            000000000000000                              000                           
0010001300277T 280180230000001544772 29577050114535039   788888888888889902012017000000000007500001000000888888888888899          0900000000000000000000000000000000000000000000000000000   000000000000000000000005002        170192957705     
0010001300278U 280000000000000000000000000000000000000000000000000000000000000000000000000000000000000000000000000000000000000000000000000102201700000000            000000000000000                              000                           
0010001300279T 280180230000001544772 29577050114549655   788888888888889902012017000000000007500001000000888888888888899          0900000000000000000000000000000000000000000000000000000   000000000000000000000005002        170192957705     
0010001300280U 280000000000000000000000000000000000000000000000000000000000000000000000000000000000000000000000000000000000000000000000000102201700000000            000000000000000                              000                           
0010001300281T 280180230000001544772 29577050114707854   788888888888889902012017000000000007500001000000888888888888899          0900000000000000000000000000000000000000000000000000000   000000000000000000000005002        170192957705     
0010001300282U 280000000000000000000000000000000000000000000000000000000000000000000000000000000000000000000000000000000000000000000000000102201700000000            000000000000000                              000                           
0010001300283T 280180230000001544772 29577050115017530   788888888888889902012017000000000007500001000000888888888888899          0900000000000000000000000000000000000000000000000000000   000000000000000000000005002        170192957705     
0010001300284U 280000000000000000000000000000000000000000000000000000000000000000000000000000000000000000000000000000000000000000000000000102201700000000            000000000000000                              000                           
0010001300285T 280180230000001544772 29577050115146773   788888888888889902012017000000000007500001000000888888888888899          0900000000000000000000000000000000000000000000000000000   000000000000000000000005002        170192957705     
0010001300286U 280000000000000000000000000000000000000000000000000000000000000000000000000000000000000000000000000000000000000000000000000102201700000000            000000000000000                              000                           
0010001300287T 280180230000001544772 29577050115239728   788888888888889902012017000000000007500001000000888888888888899          0900000000000000000000000000000000000000000000000000000   000000000000000000000005002        170192957705     
0010001300288U 280000000000000000000000000000000000000000000000000000000000000000000000000000000000000000000000000000000000000000000000000102201700000000            000000000000000                              000                           
0010001300289T 280180230000001544772 29577050115357126   788888888888889902012017000000000007500001000000888888888888899          0900000000000000000000000000000000000000000000000000000   000000000000000000000005002        170192957705     
0010001300290U 280000000000000000000000000000000000000000000000000000000000000000000000000000000000000000000000000000000000000000000000000102201700000000            000000000000000                              000                           
0010001300291T 280180230000001544772 29577050115605527   788888888888889902012017000000000007500001000000888888888888899          0900000000000000000000000000000000000000000000000000000   000000000000000000000005002        170192957705     
0010001300292U 280000000000000000000000000000000000000000000000000000000000000000000000000000000000000000000000000000000000000000000000000102201700000000            000000000000000                              000                           
0010001300293T 280180230000001544772 29577050115628905   788888888888889902012017000000000007500001000000888888888888899          0900000000000000000000000000000000000000000000000000000   000000000000000000000005002        170192957705     
0010001300294U 280000000000000000000000000000000000000000000000000000000000000000000000000000000000000000000000000000000000000000000000000102201700000000            000000000000000                              000                           
0010001300295T 280180230000001544772 29577050115727788   788888888888889902012017000000000007500001000000888888888888899          0900000000000000000000000000000000000000000000000000000   000000000000000000000005002        170192957705     
0010001300296U 280000000000000000000000000000000000000000000000000000000000000000000000000000000000000000000000000000000000000000000000000102201700000000            000000000000000                              000                           
0010001300297T 280180230000001544772 29577050115742537   788888888888889902012017000000000007500001000000888888888888899          0900000000000000000000000000000000000000000000000000000   000000000000000000000005002        170192957705     
0010001300298U 280000000000000000000000000000000000000000000000000000000000000000000000000000000000000000000000000000000000000000000000000102201700000000            000000000000000                              000                           
0010001300299T 280180230000001544772 29577050115855510   788888888888889902012017000000000007500001000000888888888888899          0900000000000000000000000000000000000000000000000000000   000000000000000000000005002        170192957705     
0010001300300U 280000000000000000000000000000000000000000000000000000000000000000000000000000000000000000000000000000000000000000000000000102201700000000            000000000000000                              000                           
0010001300301T 280180230000001544772 29577050115954124   788888888888889902012017000000000007500001000000888888888888899          0900000000000000000000000000000000000000000000000000000   000000000000000000000005002        170192957705     
0010001300302U 280000000000000000000000000000000000000000000000000000000000000000000000000000000000000000000000000000000000000000000000000102201700000000            000000000000000                              000                           
0010001300303T 280180230000001544772 29577050116032553   788888888888889902012017000000000007500001000000888888888888899          0900000000000000000000000000000000000000000000000000000   000000000000000000000005002        170192957705     
0010001300304U 280000000000000000000000000000000000000000000000000000000000000000000000000000000000000000000000000000000000000000000000000102201700000000            000000000000000                              000                           
0010001300305T 280180230000001544772 29577050116133764   788888888888889902012017000000000007500001000000888888888888899          0900000000000000000000000000000000000000000000000000000   000000000000000000000005002        170192957705     
0010001300306U 280000000000000000000000000000000000000000000000000000000000000000000000000000000000000000000000000000000000000000000000000102201700000000            000000000000000                              000                           
0010001300307T 280180230000001544772 29577050116214129   788888888888889902012017000000000007500001000000888888888888899          0900000000000000000000000000000000000000000000000000000   000000000000000000000005002        170192957705     
0010001300308U 280000000000000000000000000000000000000000000000000000000000000000000000000000000000000000000000000000000000000000000000000102201700000000            000000000000000                              000                           
0010001300309T 280180230000001544772 29577050116315468   788888888888889902012017000000000007500001000000888888888888899          0900000000000000000000000000000000000000000000000000000   000000000000000000000005002        170192957705     
0010001300310U 280000000000000000000000000000000000000000000000000000000000000000000000000000000000000000000000000000000000000000000000000102201700000000            000000000000000                              000                           
0010001300311T 280180230000001544772 29577050116430111   788888888888889902012017000000000007500001000000888888888888899          0900000000000000000000000000000000000000000000000000000   000000000000000000000005002        170192957705     
0010001300312U 280000000000000000000000000000000000000000000000000000000000000000000000000000000000000000000000000000000000000000000000000102201700000000            000000000000000                              000                           
0010001300313T 280180230000001544772 29577050116527028   788888888888889902012017000000000007500001000000888888888888899          0900000000000000000000000000000000000000000000000000000   000000000000000000000005002        170192957705     
0010001300314U 280000000000000000000000000000000000000000000000000000000000000000000000000000000000000000000000000000000000000000000000000102201700000000            000000000000000                              000                           
0010001300315T 280180230000001544772 29577050116707651   788888888888889902012017000000000007500001000000888888888888899          0900000000000000000000000000000000000000000000000000000   000000000000000000000005002        170192957705     
0010001300316U 280000000000000000000000000000000000000000000000000000000000000000000000000000000000000000000000000000000000000000000000000102201700000000            000000000000000                              000                           
0010001300317T 280180230000001544772 29577050117152409   788888888888889902012017000000000007500001000000888888888888899          0900000000000000000000000000000000000000000000000000000   000000000000000000000005002        170192957705     
0010001300318U 280000000000000000000000000000000000000000000000000000000000000000000000000000000000000000000000000000000000000000000000000102201700000000            000000000000000                              000                           
0010001300319T 280180230000001544772 29577050117227502   788888888888889902012017000000000007500001000000888888888888899          0900000000000000000000000000000000000000000000000000000   000000000000000000000005002        170192957705     
0010001300320U 280000000000000000000000000000000000000000000000000000000000000000000000000000000000000000000000000000000000000000000000000102201700000000            000000000000000                              000                           
00100015         000322002086000000000159590000000000000000000000000000000000000000000000000000000000000000000000000000000000000000000000000000000                                                                                              
00199999         000001000324000000                                                                                                                                                            00000000000000000000000000000                    
