00100000         2247745860001000029577050014       0180230000001544772 INSTITUTO DE SELECAO E TECNOLOBANCO DO BRASIL                         21602201701134100009803000000515122941PROCESSAMEN                                                 
00100011T0100020 20247745860001000029577050014       0180230000001544772 INSTITUTO DE SELECAO E TECNOLO                                                                                000000001602201700000000  000000000                      
0010001300001T 020180230000001544772 29577050095128861   7               18022017000000000007500001012408                         0900000000000010000000000000000000000000000000000000000   0000000000000000000000000A9        170192957705     
0010001300002U 020000000000000000000000000000000000000000000000000000000000000000000000000000000000000000000000000000000000000000000000001602201700000000            000000000000000                              000                           
0010001300003T 020180230000001544772 29577050096148773   7               18022017000000000007500001012416                         0900000000000010500000000000000000000000000000000000000   0000000000000000000000000A9A4      170192957705     
0010001300004U 020000000000000000000000000000000000000000000000000000000000000000000000000000000000000000000000000000000000000000000000001602201700000000            000000000000000                              000                           
0010001300005T 020180230000001544772 29577050100110546   7               1802201700000000000750000101009X                         0900000000000010000000000000000000000000000000000000000   0000000000000000000000000A9        170192957705     
0010001300006U 020000000000000000000000000000000000000000000000000000000000000000000000000000000000000000000000000000000000000000000000001602201700000000            000000000000000                              000                           
0010001300007T 020180230000001544772 29577050104141501   7               18022017000000000007500001012416                         0900000000000010000000000000000000000000000000000000000   0000000000000000000000000A9        170192957705     
0010001300008U 020000000000000000000000000000000000000000000000000000000000000000000000000000000000000000000000000000000000000000000000001602201700000000            000000000000000                              000                           
0010001300009T 020180230000001544772 29577050151310676   7               18022017000000000007500001046744                         0900000000000010000000000000000000000000000000000000000   0000000000000000000000000A9        170192957705     
0010001300010U 020000000000000000000000000000000000000000000000000000000000000000000000000000000000000000000000000000000000000000000000001602201700000000            000000000000000                              000                           
0010001300011T 020180230000001544772 29577050151322033   7               18022017000000000007500001046744                         0900000000000010000000000000000000000000000000000000000   0000000000000000000000000A9        170192957705     
0010001300012U 020000000000000000000000000000000000000000000000000000000000000000000000000000000000000000000000000000000000000000000000001602201700000000            000000000000000                              000                           
0010001300013T 020180230000001544772 29577050151426733   7               18022017000000000007500001046744                         0900000000000010000000000000000000000000000000000000000   0000000000000000000000000A9        170192957705     
0010001300014U 020000000000000000000000000000000000000000000000000000000000000000000000000000000000000000000000000000000000000000000000001602201700000000            000000000000000                              000                           
0010001300015T 020180230000001544772 29577050188656050   7               18022017000000000007500001012416                         0900000000000010000000000000000000000000000000000000000   0000000000000000000000000A9        170192957705     
0010001300016U 020000000000000000000000000000000000000000000000000000000000000000000000000000000000000000000000000000000000000000000000001602201700000000            000000000000000                              000                           
0010001300017T 020180230000001544772 29577050223629923   7               18022017000000000007500001012408                         0900000000000010000000000000000000000000000000000000000   0000000000000000000000000A9        170192957705     
0010001300018U 020000000000000000000000000000000000000000000000000000000000000000000000000000000000000000000000000000000000000000000000001602201700000000            000000000000000                              000                           
0010001300019T 020180230000001544772 29577050264902027   7               18022017000000000007500001002224                         0900000000000010000000000000000000000000000000000000000   0000000000000000000000000A9        170192957705     
0010001300020U 020000000000000000000000000000000000000000000000000000000000000000000000000000000000000000000000000000000000000000000000001602201700000000            000000000000000                              000                           
0010001300021T 020180230000001544772 29577050319355889   7               18022017000000000007500001045020                         0900000000000010000000000000000000000000000000000000000   0000000000000000000000000A9        170192957705     
0010001300022U 020000000000000000000000000000000000000000000000000000000000000000000000000000000000000000000000000000000000000000000000001602201700000000            000000000000000                              000                           
0010001300023T 020180230000001544772 29577050334819946   7               18022017000000000007500001046280                         0900000000000010000000000000000000000000000000000000000   0000000000000000000000000A9        170192957705     
0010001300024U 020000000000000000000000000000000000000000000000000000000000000000000000000000000000000000000000000000000000000000000000001602201700000000            000000000000000                              000                           
0010001300025T 020180230000001544772 29577050335552477   7               18022017000000000007500001009245                         0900000000000010500000000000000000000000000000000000000   0000000000000000000000000A9A4      170192957705     
0010001300026U 020000000000000000000000000000000000000000000000000000000000000000000000000000000000000000000000000000000000000000000000001602201700000000            000000000000000                              000                           
0010001300027T 020180230000001544772 29577050335639980   7               1802201700000000000750000103049X                         0900000000000010000000000000000000000000000000000000000   0000000000000000000000000A9        170192957705     
0010001300028U 020000000000000000000000000000000000000000000000000000000000000000000000000000000000000000000000000000000000000000000000001602201700000000            000000000000000                              000                           
0010001300029T 020180230000001544772 29577050335658285   7               1802201700000000000750000103049X                         0900000000000010000000000000000000000000000000000000000   0000000000000000000000000A9        170192957705     
0010001300030U 020000000000000000000000000000000000000000000000000000000000000000000000000000000000000000000000000000000000000000000000001602201700000000            000000000000000                              000                           
0010001300031T 020180230000001544772 29577050380125079   7               1802201700000000000750000103049X                         0900000000000010500000000000000000000000000000000000000   0000000000000000000000000A9A4      170192957705     
0010001300032U 020000000000000000000000000000000000000000000000000000000000000000000000000000000000000000000000000000000000000000000000001602201700000000            000000000000000                              000                           
0010001300033T 020180230000001544772 29577050383548049   7               18022017000000000007500001012408                         0900000000000010000000000000000000000000000000000000000   0000000000000000000000000A9        170192957705     
0010001300034U 020000000000000000000000000000000000000000000000000000000000000000000000000000000000000000000000000000000000000000000000001602201700000000            000000000000000                              000                           
0010001300035T 020180230000001544772 29577050383551690   7               18022017000000000007500001012408                         0900000000000010000000000000000000000000000000000000000   0000000000000000000000000A9        170192957705     
0010001300036U 020000000000000000000000000000000000000000000000000000000000000000000000000000000000000000000000000000000000000000000000001602201700000000            000000000000000                              000                           
0010001300037T 020180230000001544772 29577050409520510   7               18022017000000000007500001012408                         0900000000000010000000000000000000000000000000000000000   0000000000000000000000000A9        170192957705     
0010001300038U 020000000000000000000000000000000000000000000000000000000000000000000000000000000000000000000000000000000000000000000000001602201700000000            000000000000000                              000                           
0010001300039T 020180230000001544772 29577050409925639   7               1802201700000000000750000103049X                         0900000000000010000000000000000000000000000000000000000   0000000000000000000000000A9        170192957705     
0010001300040U 020000000000000000000000000000000000000000000000000000000000000000000000000000000000000000000000000000000000000000000000001602201700000000            000000000000000                              000                           
0010001300041T 020180230000001544772 29577050415142274   7               18022017000000000007500001012416                         0900000000000010000000000000000000000000000000000000000   0000000000000000000000000A9        170192957705     
0010001300042U 020000000000000000000000000000000000000000000000000000000000000000000000000000000000000000000000000000000000000000000000001602201700000000            000000000000000                              000                           
0010001300043T 020180230000001544772 29577050436505361   7               18022017000000000007500001012416                         0900000000000010500000000000000000000000000000000000000   0000000000000000000000000A9A4      170192957705     
0010001300044U 020000000000000000000000000000000000000000000000000000000000000000000000000000000000000000000000000000000000000000000000001602201700000000            000000000000000                              000                           
0010001300045T 020180230000001544772 29577050454027824   7               18022017000000000010000001000213                         0900000000000010500000000000000000000000000000000000000   0000000000000000000000000A9A4      170192957705     
0010001300046U 020000000000000000000000000000000000000000000000000000000000000000000000000000000000000000000000000000000000000000000000001602201700000000            000000000000000                              000                           
0010001300047T 020180230000001544772 29577050459859720   7               1802201700000000000750000103049X                         0900000000000010000000000000000000000000000000000000000   0000000000000000000000000A9        170192957705     
0010001300048U 020000000000000000000000000000000000000000000000000000000000000000000000000000000000000000000000000000000000000000000000001602201700000000            000000000000000                              000                           
0010001300049T 020180230000001544772 29577050471712307   7               18022017000000000010000001030864                         0900000000000010000000000000000000000000000000000000000   0000000000000000000000000A9        170192957705     
0010001300050U 020000000000000000000000000000000000000000000000000000000000000000000000000000000000000000000000000000000000000000000000001602201700000000            000000000000000                              000                           
0010001300051T 020180230000001544772 29577050471719586   7               18022017000000000010000001030864                         0900000000000010000000000000000000000000000000000000000   0000000000000000000000000A9        170192957705     
0010001300052U 020000000000000000000000000000000000000000000000000000000000000000000000000000000000000000000000000000000000000000000000001602201700000000            000000000000000                              000                           
0010001300053T 020180230000001544772 29577050474303593   7               18022017000000000007500001009245                         0900000000000010000000000000000000000000000000000000000   0000000000000000000000000A9        170192957705     
0010001300054U 020000000000000000000000000000000000000000000000000000000000000000000000000000000000000000000000000000000000000000000000001602201700000000            000000000000000                              000                           
0010001300055T 020180230000001544772 29577050476500289   7               18022017000000000007500001012416                         0900000000000010000000000000000000000000000000000000000   0000000000000000000000000A9        170192957705     
0010001300056U 020000000000000000000000000000000000000000000000000000000000000000000000000000000000000000000000000000000000000000000000001602201700000000            000000000000000                              000                           
0010001300057T 020180230000001544772 29577050476526310   7               18022017000000000007500001012416                         0900000000000010000000000000000000000000000000000000000   0000000000000000000000000A9        170192957705     
0010001300058U 020000000000000000000000000000000000000000000000000000000000000000000000000000000000000000000000000000000000000000000000001602201700000000            000000000000000                              000                           
0010001300059T 020180230000001544772 29577050480315523   7               18022017000000000007500001000213                         0900000000000010000000000000000000000000000000000000000   0000000000000000000000000A9        170192957705     
0010001300060U 020000000000000000000000000000000000000000000000000000000000000000000000000000000000000000000000000000000000000000000000001602201700000000            000000000000000                              000                           
0010001300061T 020180230000001544772 29577050497250840   7               1802201700000000000750000103049X                         0900000000000010000000000000000000000000000000000000000   0000000000000000000000000A9        170192957705     
0010001300062U 020000000000000000000000000000000000000000000000000000000000000000000000000000000000000000000000000000000000000000000000001602201700000000            000000000000000                              000                           
0010001300063T 020180230000001544772 29577050497444704   7               18022017000000000007500001000213                         0900000000000010000000000000000000000000000000000000000   0000000000000000000000000A9        170192957705     
0010001300064U 020000000000000000000000000000000000000000000000000000000000000000000000000000000000000000000000000000000000000000000000001602201700000000            000000000000000                              000                           
0010001300065T 020180230000001544772 29577050503400390   7               18022017000000000007500001000213                         0900000000000010000000000000000000000000000000000000000   0000000000000000000000000A9        170192957705     
0010001300066U 020000000000000000000000000000000000000000000000000000000000000000000000000000000000000000000000000000000000000000000000001602201700000000            000000000000000                              000                           
0010001300067T 020180230000001544772 29577050510602929   7               18022017000000000007500001012408                         0900000000000010000000000000000000000000000000000000000   0000000000000000000000000A9        170192957705     
0010001300068U 020000000000000000000000000000000000000000000000000000000000000000000000000000000000000000000000000000000000000000000000001602201700000000            000000000000000                              000                           
0010001300069T 020180230000001544772 29577050510603034   7               18022017000000000007500001012408                         0900000000000010000000000000000000000000000000000000000   0000000000000000000000000A9        170192957705     
0010001300070U 020000000000000000000000000000000000000000000000000000000000000000000000000000000000000000000000000000000000000000000000001602201700000000            000000000000000                              000                           
0010001300071T 020180230000001544772 29577050527808768   7               1802201700000000000750000103049X                         0900000000000010000000000000000000000000000000000000000   0000000000000000000000000A9        170192957705     
0010001300072U 020000000000000000000000000000000000000000000000000000000000000000000000000000000000000000000000000000000000000000000000001602201700000000            000000000000000                              000                           
0010001300073T 020180230000001544772 29577050527843599   7               1802201700000000000750000103049X                         0900000000000010000000000000000000000000000000000000000   0000000000000000000000000A9        170192957705     
0010001300074U 020000000000000000000000000000000000000000000000000000000000000000000000000000000000000000000000000000000000000000000000001602201700000000            000000000000000                              000                           
0010001300075T 020180230000001544772 29577050612805060   7               18022017000000000007500001010561                         0900000000000010000000000000000000000000000000000000000   0000000000000000000000000A9        170192957705     
0010001300076U 020000000000000000000000000000000000000000000000000000000000000000000000000000000000000000000000000000000000000000000000001602201700000000            000000000000000                              000                           
0010001300077T 020180230000001544772 29577050612834264   7               18022017000000000007500001010561                         0900000000000010000000000000000000000000000000000000000   0000000000000000000000000A9        170192957705     
0010001300078U 020000000000000000000000000000000000000000000000000000000000000000000000000000000000000000000000000000000000000000000000001602201700000000            000000000000000                              000                           
0010001300079T 020180230000001544772 29577050646410777   7               18022017000000000007500001000213                         0900000000000010000000000000000000000000000000000000000   0000000000000000000000000A9        170192957705     
0010001300080U 020000000000000000000000000000000000000000000000000000000000000000000000000000000000000000000000000000000000000000000000001602201700000000            000000000000000                              000                           
0010001300081T 020180230000001544772 29577050694141609   7               17022017000000000007500001012416                         0900000000000010000000000000000000000000000000000000000   0000000000000000000000000A9        170192957705     
0010001300082U 020000000000000000000000000000000000000000000000000000000000000000000000000000000000000000000000000000000000000000000000001502201700000000            000000000000000                              000                           
0010001300083T 020180230000001544772 29577050694602073   7               1702201700000000000750000103049X                         0900000000000010000000000000000000000000000000000000000   0000000000000000000000000A9        170192957705     
0010001300084U 020000000000000000000000000000000000000000000000000000000000000000000000000000000000000000000000000000000000000000000000001502201700000000            000000000000000                              000                           
0010001300085T 020180230000001544772 29577050697307665   7               18022017000000000007500001000213                         0900000000000010000000000000000000000000000000000000000   0000000000000000000000000A9        170192957705     
0010001300086U 020000000000000000000000000000000000000000000000000000000000000000000000000000000000000000000000000000000000000000000000001602201700000000            000000000000000                              000                           
0010001300087T 020180230000001544772 29577050697311389   7               18022017000000000007500001000213                         0900000000000010000000000000000000000000000000000000000   0000000000000000000000000A9        170192957705     
0010001300088U 020000000000000000000000000000000000000000000000000000000000000000000000000000000000000000000000000000000000000000000000001602201700000000            000000000000000                              000                           
0010001300089T 020180230000001544772 29577050697641459   7               18022017000000000007500001012408                         0900000000000010000000000000000000000000000000000000000   0000000000000000000000000A9        170192957705     
0010001300090U 020000000000000000000000000000000000000000000000000000000000000000000000000000000000000000000000000000000000000000000000001602201700000000            000000000000000                              000                           
0010001300091T 020180230000001544772 29577050698358924   7               18022017000000000007500001000213                         0900000000000010000000000000000000000000000000000000000   0000000000000000000000000A9        170192957705     
0010001300092U 020000000000000000000000000000000000000000000000000000000000000000000000000000000000000000000000000000000000000000000000001602201700000000            000000000000000                              000                           
0010001300093T 020180230000001544772 29577050699039248   7               1802201700000000000750000101981X                         0900000000000010000000000000000000000000000000000000000   0000000000000000000000000A9        170192957705     
0010001300094U 020000000000000000000000000000000000000000000000000000000000000000000000000000000000000000000000000000000000000000000000001602201700000000            000000000000000                              000                           
0010001300095T 020180230000001544772 29577050700703760   7               1802201700000000000750000103049X                         0900000000000010000000000000000000000000000000000000000   0000000000000000000000000A9        170192957705     
0010001300096U 020000000000000000000000000000000000000000000000000000000000000000000000000000000000000000000000000000000000000000000000001602201700000000            000000000000000                              000                           
0010001300097T 020180230000001544772 29577050702051100   7               18022017000000000007500001000213                         0900000000000010500000000000000000000000000000000000000   0000000000000000000000000A9A4      170192957705     
0010001300098U 020000000000000000000000000000000000000000000000000000000000000000000000000000000000000000000000000000000000000000000000001602201700000000            000000000000000                              000                           
0010001300099T 020180230000001544772 29577050703118565   7               18022017000000000007500001012416                         0900000000000010000000000000000000000000000000000000000   0000000000000000000000000A9        170192957705     
0010001300100U 020000000000000000000000000000000000000000000000000000000000000000000000000000000000000000000000000000000000000000000000001602201700000000            000000000000000                              000                           
0010001300101T 020180230000001544772 29577050703133452   7               18022017000000000007500001012416                         0900000000000010000000000000000000000000000000000000000   0000000000000000000000000A9        170192957705     
0010001300102U 020000000000000000000000000000000000000000000000000000000000000000000000000000000000000000000000000000000000000000000000001602201700000000            000000000000000                              000                           
0010001300103T 020180230000001544772 29577050704052010   7               18022017000000000010000001000213                         0900000000000010000000000000000000000000000000000000000   0000000000000000000000000A9        170192957705     
0010001300104U 020000000000000000000000000000000000000000000000000000000000000000000000000000000000000000000000000000000000000000000000001602201700000000            000000000000000                              000                           
0010001300105T 020180230000001544772 29577050704913526   7               1802201700000000000750000103049X                         0900000000000010500000000000000000000000000000000000000   0000000000000000000000000A9A4      170192957705     
0010001300106U 020000000000000000000000000000000000000000000000000000000000000000000000000000000000000000000000000000000000000000000000001602201700000000            000000000000000                              000                           
0010001300107T 020180230000001544772 29577050706011815   7               18022017000000000007500001012408                         0900000000000010000000000000000000000000000000000000000   0000000000000000000000000A9        170192957705     
0010001300108U 020000000000000000000000000000000000000000000000000000000000000000000000000000000000000000000000000000000000000000000000001602201700000000            000000000000000                              000                           
0010001300109T 020180230000001544772 29577050706305656   7               18022017000000000007500001000833                         0900000000000010000000000000000000000000000000000000000   0000000000000000000000000A9        170192957705     
0010001300110U 020000000000000000000000000000000000000000000000000000000000000000000000000000000000000000000000000000000000000000000000001602201700000000            000000000000000                              000                           
0010001300111T 020180230000001544772 29577050706658049   7               18022017000000000007500001012408                         0900000000000010000000000000000000000000000000000000000   0000000000000000000000000A9        170192957705     
0010001300112U 020000000000000000000000000000000000000000000000000000000000000000000000000000000000000000000000000000000000000000000000001602201700000000            000000000000000                              000                           
0010001300113T 020180230000001544772 29577050709602997   7               18022017000000000007500001012408                         0900000000000010000000000000000000000000000000000000000   0000000000000000000000000A9        170192957705     
0010001300114U 020000000000000000000000000000000000000000000000000000000000000000000000000000000000000000000000000000000000000000000000001602201700000000            000000000000000                              000                           
0010001300115T 020180230000001544772 29577050710832550   7               18022017000000000007500001000833                         0900000000000010000000000000000000000000000000000000000   0000000000000000000000000A9        170192957705     
0010001300116U 020000000000000000000000000000000000000000000000000000000000000000000000000000000000000000000000000000000000000000000000001602201700000000            000000000000000                              000                           
0010001300117T 020180230000001544772 29577050712654579   7               18022017000000000007500001012416                         0900000000000010000000000000000000000000000000000000000   0000000000000000000000000A9        170192957705     
0010001300118U 020000000000000000000000000000000000000000000000000000000000000000000000000000000000000000000000000000000000000000000000001602201700000000            000000000000000                              000                           
0010001300119T 020180230000001544772 29577050714437748   7               18022017000000000010000001030864                         0900000000000010000000000000000000000000000000000000000   0000000000000000000000000A9        170192957705     
0010001300120U 020000000000000000000000000000000000000000000000000000000000000000000000000000000000000000000000000000000000000000000000001602201700000000            000000000000000                              000                           
0010001300121T 020180230000001544772 29577050714717857   7               18022017000000000010000001000833                         0900000000000010000000000000000000000000000000000000000   0000000000000000000000000A9        170192957705     
0010001300122U 020000000000000000000000000000000000000000000000000000000000000000000000000000000000000000000000000000000000000000000000001602201700000000            000000000000000                              000                           
0010001300123T 020180230000001544772 29577050714742399   7               18022017000000000010000001000833                         0900000000000010000000000000000000000000000000000000000   0000000000000000000000000A9        170192957705     
0010001300124U 020000000000000000000000000000000000000000000000000000000000000000000000000000000000000000000000000000000000000000000000001602201700000000            000000000000000                              000                           
0010001300125T 020180230000001544772 29577050716214515   7               18022017000000000007500001012408                         0900000000000010000000000000000000000000000000000000000   0000000000000000000000000A9        170192957705     
0010001300126U 020000000000000000000000000000000000000000000000000000000000000000000000000000000000000000000000000000000000000000000000001602201700000000            000000000000000                              000                           
0010001300127T 020180230000001544772 29577050716516161   7               18022017000000000007500001012416                         0900000000000010500000000000000000000000000000000000000   0000000000000000000000000A9A4      170192957705     
0010001300128U 020000000000000000000000000000000000000000000000000000000000000000000000000000000000000000000000000000000000000000000000001602201700000000            000000000000000                              000                           
0010001300129T 020180230000001544772 29577050718838206   7               18022017000000000007500001012416                         0900000000000010000000000000000000000000000000000000000   0000000000000000000000000A9        170192957705     
0010001300130U 020000000000000000000000000000000000000000000000000000000000000000000000000000000000000000000000000000000000000000000000001602201700000000            000000000000000                              000                           
0010001300131T 020180230000001544772 29577050719938172   7               18022017000000000007500001009245                         0900000000000010000000000000000000000000000000000000000   0000000000000000000000000A9        170192957705     
0010001300132U 020000000000000000000000000000000000000000000000000000000000000000000000000000000000000000000000000000000000000000000000001602201700000000            000000000000000                              000                           
0010001300133T 020180230000001544772 29577050720006444   7               18022017000000000007500001000213                         0900000000000010000000000000000000000000000000000000000   0000000000000000000000000A9        170192957705     
0010001300134U 020000000000000000000000000000000000000000000000000000000000000000000000000000000000000000000000000000000000000000000000001602201700000000            000000000000000                              000                           
0010001300135T 020180230000001544772 29577050721454759   7               18022017000000000007500001012408                         0900000000000010000000000000000000000000000000000000000   0000000000000000000000000A9        170192957705     
0010001300136U 020000000000000000000000000000000000000000000000000000000000000000000000000000000000000000000000000000000000000000000000001602201700000000            000000000000000                              000                           
0010001300137T 020180230000001544772 29577050721827592   7               18022017000000000007500001009245                         0900000000000010000000000000000000000000000000000000000   0000000000000000000000000A9        170192957705     
0010001300138U 020000000000000000000000000000000000000000000000000000000000000000000000000000000000000000000000000000000000000000000000001602201700000000            000000000000000                              000                           
0010001300139T 020180230000001544772 29577050723324307   7               18022017000000000007500001012408                         0900000000000010500000000000000000000000000000000000000   0000000000000000000000000A9A4      170192957705     
0010001300140U 020000000000000000000000000000000000000000000000000000000000000000000000000000000000000000000000000000000000000000000000001602201700000000            000000000000000                              000                           
0010001300141T 020180230000001544772 29577050723409905   7               18022017000000000007500001002224                         0900000000000010000000000000000000000000000000000000000   0000000000000000000000000A9        170192957705     
0010001300142U 020000000000000000000000000000000000000000000000000000000000000000000000000000000000000000000000000000000000000000000000001602201700000000            000000000000000                              000                           
0010001300143T 020180230000001544772 29577050724028309   7               1802201700000000000750000103049X                         0900000000000010000000000000000000000000000000000000000   0000000000000000000000000A9        170192957705     
0010001300144U 020000000000000000000000000000000000000000000000000000000000000000000000000000000000000000000000000000000000000000000000001602201700000000            000000000000000                              000                           
0010001300145T 020180230000001544772 29577050724412905   7               18022017000000000007500001000213                         0900000000000010000000000000000000000000000000000000000   0000000000000000000000000A9        170192957705     
0010001300146U 020000000000000000000000000000000000000000000000000000000000000000000000000000000000000000000000000000000000000000000000001602201700000000            000000000000000                              000                           
0010001300147T 020180230000001544772 29577050724601461   7               18022017000000000007500001012408                         0900000000000010000000000000000000000000000000000000000   0000000000000000000000000A9        170192957705     
0010001300148U 020000000000000000000000000000000000000000000000000000000000000000000000000000000000000000000000000000000000000000000000001602201700000000            000000000000000                              000                           
0010001300149T 020180230000001544772 29577050725121461   7               18022017000000000007500001000213                         0900000000000010000000000000000000000000000000000000000   0000000000000000000000000A9        170192957705     
0010001300150U 020000000000000000000000000000000000000000000000000000000000000000000000000000000000000000000000000000000000000000000000001602201700000000            000000000000000                              000                           
0010001300151T 020180230000001544772 29577050725145730   7               18022017000000000007500001000213                         0900000000000010000000000000000000000000000000000000000   0000000000000000000000000A9        170192957705     
0010001300152U 020000000000000000000000000000000000000000000000000000000000000000000000000000000000000000000000000000000000000000000000001602201700000000            000000000000000                              000                           
0010001300153T 020180230000001544772 29577050725521126   7               18022017000000000007500001000213                         0900000000000010000000000000000000000000000000000000000   0000000000000000000000000A9        170192957705     
0010001300154U 020000000000000000000000000000000000000000000000000000000000000000000000000000000000000000000000000000000000000000000000001602201700000000            000000000000000                              000                           
0010001300155T 020180230000001544772 29577050725615750   7               18022017000000000007500001000213                         0900000000000010000000000000000000000000000000000000000   0000000000000000000000000A9        170192957705     
0010001300156U 020000000000000000000000000000000000000000000000000000000000000000000000000000000000000000000000000000000000000000000000001602201700000000            000000000000000                              000                           
0010001300157T 020180230000001544772 29577050725714321   7               18022017000000000007500001000213                         0900000000000010000000000000000000000000000000000000000   0000000000000000000000000A9        170192957705     
0010001300158U 020000000000000000000000000000000000000000000000000000000000000000000000000000000000000000000000000000000000000000000000001602201700000000            000000000000000                              000                           
0010001300159T 020180230000001544772 29577050726715668   7               1802201700000000000750000103049X                         0900000000000010000000000000000000000000000000000000000   0000000000000000000000000A9        170192957705     
0010001300160U 020000000000000000000000000000000000000000000000000000000000000000000000000000000000000000000000000000000000000000000000001602201700000000            000000000000000                              000                           
0010001300161T 020180230000001544772 29577050727410727   7               1802201700000000000750000103049X                         0900000000000010000000000000000000000000000000000000000   0000000000000000000000000A9        170192957705     
0010001300162U 020000000000000000000000000000000000000000000000000000000000000000000000000000000000000000000000000000000000000000000000001602201700000000            000000000000000                              000                           
0010001300163T 020180230000001544772 29577050727722651   7               18022017000000000007500001046280                         0900000000000010000000000000000000000000000000000000000   0000000000000000000000000A9        170192957705     
0010001300164U 020000000000000000000000000000000000000000000000000000000000000000000000000000000000000000000000000000000000000000000000001602201700000000            000000000000000                              000                           
0010001300165T 020180230000001544772 29577050729843838   7               18022017000000000007500001012408                         0900000000000010000000000000000000000000000000000000000   0000000000000000000000000A9        170192957705     
0010001300166U 020000000000000000000000000000000000000000000000000000000000000000000000000000000000000000000000000000000000000000000000001602201700000000            000000000000000                              000                           
0010001300167T 060180230000001544772 29577050014745667   7               16022017000000000010000001031941                         0900000000000010000000000000000000000000000000000000000   000000000000000000000029000        170192957705     
0010001300168U 060000000000000000000000000000000000000000000000000000000000000000000000100000000000000097100000000000000000000000000000001602201717022017            000000000000000                              000                           
0010001300169T 060180230000001544772 29577050042446942   7               16022017000000000007500001056103                         0900000000000010000000000000000000000000000000000000000   000000000000000000000029000        170192957705     
0010001300170U 060000000000000000000000000000000000000000000000000000000000000000000000075000000000000072100000000000000000000000000000001602201717022017            000000000000000                              000                           
0010001300171T 060180230000001544772 29577050149017014   7               16022017000000000007500104020420                         0900000000000010000000000000000000000000000000000000000   000000000000000000000029000        170192957705     
0010001300172U 060000000000000000000000000000000000000000000000000000000000000000000000075000000000000072100000000000000000000000000000001602201717022017            000000000000000                              000                           
0010001300173T 060180230000001544772 29577050165700855   788888888888889916022017000000000007500021000830888888888888899          0900000000000010000000000000000000000000000000000000000   000000000000000000000029000        170192957705     
0010001300174U 060000000000000000000000000000000000000000000000000000000000000000000000075000000000000072100000000000000000000000000000001602201717022017            000000000000000                              000                           
0010001300175T 060180230000001544772 29577050181317013   7               16022017000000000007500104016430                         0900000000000010000000000000000000000000000000000000000   000000000000000000000029000        170192957705     
0010001300176U 060000000000000000000000000000000000000000000000000000000000000000000000075000000000000072100000000000000000000000000000001602201717022017            000000000000000                              000                           
0010001300177T 060180230000001544772 29577050237908651   7               16022017000000000007500104047760                         0900000000000010000000000000000000000000000000000000000   000000000000000000000029000        170192957705     
0010001300178U 060000000000000000000000000000000000000000000000000000000000000000000000075000000000000072100000000000000000000000000000001602201717022017            000000000000000                              000                           
0010001300179T 060180230000001544772 29577050332648012   7               16022017000000000007500104001670                         0900000000000010000000000000000000000000000000000000000   000000000000000000000029000        170192957705     
0010001300180U 060000000000000000000000000000000000000000000000000000000000000000000000075000000000000072100000000000000000000000000000001602201717022017            000000000000000                              000                           
0010001300181T 060180230000001544772 29577050334819946   7               18022017000000000007500021001050                         0900000000000010000000000000000000000000000000000000000   000000000000000000000029000        170192957705     
0010001300182U 060000000000000000000000000000000000000000000000000000000000000000000000075000000000000072100000000000000000000000000000001602201717022017            000000000000000                              000                           
0010001300183T 170180230000001544772 29577050335110119   7               00000000000000000007500021001050                         0900000000000010000000000000000000000000000000000000000   000000000000000000000070003        170192957705     
0010001300184U 170000000000000000000000000000000000000000000000000000000000000000000000075000000000000068000000000000000000000000000000001602201717022017            000000000000000                              000                           
0010001300185T 060180230000001544772 29577050336342404   7               16022017000000000007500104005910                         0900000000000010000000000000000000000000000000000000000   000000000000000000000029000        170192957705     
0010001300186U 060000000000000000000000000000000000000000000000000000000000000000000000075000000000000072100000000000000000000000000000001602201717022017            000000000000000                              000                           
0010001300187T 060180230000001544772 29577050415142274   7               18022017000000000007500341086660                         0900000000000010000000000000000000000000000000000000000   000000000000000000000029000        170192957705     
0010001300188U 060000000000000000000000000000000000000000000000000000000000000000000000075000000000000072100000000000000000000000000000001602201717022017            000000000000000                              000                           
0010001300189T 060180230000001544772 29577050436505361   7               18022017000000000007500001038776                         0900000000000010000000000000000000000000000000000000000   000000000000000000000029000        170192957705     
0010001300190U 060000000000000000000000000000000000000000000000000000000000000000000000075000000000000072100000000000000000000000000000001602201717022017            000000000000000                              000                           
0010001300191T 060180230000001544772 29577050454027824   7               18022017000000000010000001031941                         0900000000000010000000000000000000000000000000000000000   000000000000000000000029000        170192957705     
0010001300192U 060000000000000000000000000000000000000000000000000000000000000000000000100000000000000097100000000000000000000000000000001602201717022017            000000000000000                              000                           
0010001300193T 060180230000001544772 29577050476500289   7               18022017000000000007500104001670                         0900000000000010000000000000000000000000000000000000000   000000000000000000000029000        170192957705     
0010001300194U 060000000000000000000000000000000000000000000000000000000000000000000000075000000000000072100000000000000000000000000000001602201717022017            000000000000000                              000                           
0010001300195T 060180230000001544772 29577050479638565   7               17022017000000000007500021000590                         0900000000000010000000000000000000000000000000000000000   000000000000000000000029000        170192957705     
0010001300196U 060000000000000000000000000000000000000000000000000000000000000000000000075000000000000072100000000000000000000000000000001602201717022017            000000000000000                              000                           
0010001300197T 060180230000001544772 29577050490426038   7               16022017000000000007500001031674                         0900000000000010000000000000000000000000000000000000000   000000000000000000000029000        170192957705     
0010001300198U 060000000000000000000000000000000000000000000000000000000000000000000000075000000000000072100000000000000000000000000000001602201717022017            000000000000000                              000                           
0010001300199T 060180230000001544772 29577050495358229   7               16022017000000000007500001009245                         0900000000000010000000000000000000000000000000000000000   000000000000000000000029000        170192957705     
0010001300200U 060000000000000000000000000000000000000000000000000000000000000000000000075000000000000072100000000000000000000000000000001602201717022017            000000000000000                              000                           
0010001300201T 060180230000001544772 29577050527814593   7               17022017000000000007500104006620                         0900000000000010000000000000000000000000000000000000000   000000000000000000000029000        170192957705     
0010001300202U 060000000000000000000000000000000000000000000000000000000000000000000000075000000000000072100000000000000000000000000000001602201717022017            000000000000000                              000                           
0010001300203T 060180230000001544772 29577050538930013   788888888888889916022017000000000007500104008800888888888888899          0900000000000010000000000000000000000000000000000000000   000000000000000000000029000        170192957705     
0010001300204U 060000000000000000000000000000000000000000000000000000000000000000000000075000000000000072100000000000000000000000000000001602201717022017            000000000000000                              000                           
0010001300205T 060180230000001544772 29577050540823313   788888888888889916022017000000000007500237023130888888888888899          0900000000000010000000000000000000000000000000000000000   000000000000000000000029000        170192957705     
0010001300206U 060000000000000000000000000000000000000000000000000000000000000000000000075000000000000072100000000000000000000000000000001602201717022017            000000000000000                              000                           
0010001300207T 060180230000001544772 29577050545210832   7               16022017000000000007500104031390                         0900000000000010000000000000000000000000000000000000000   000000000000000000000029000        170192957705     
0010001300208U 060000000000000000000000000000000000000000000000000000000000000000000000075000000000000072100000000000000000000000000000001602201717022017            000000000000000                              000                           
0010001300209T 060180230000001544772 29577050614311520   7               16022017000000000007500021000440                         0900000000000010000000000000000000000000000000000000000   000000000000000000000029000        170192957705     
0010001300210U 060000000000000000000000000000000000000000000000000000000000000000000000075000000000000072100000000000000000000000000000001602201717022017            000000000000000                              000                           
0010001300211T 060180230000001544772 29577050617301015   7               16022017000000000010000021000440                         0900000000000010000000000000000000000000000000000000000   000000000000000000000029000        170192957705     
0010001300212U 060000000000000000000000000000000000000000000000000000000000000000000000100000000000000097100000000000000000000000000000001602201717022017            000000000000000                              000                           
0010001300213T 060180230000001544772 29577050632917458   7               17022017000000000007500021001050                         0900000000000010000000000000000000000000000000000000000   000000000000000000000029000        170192957705     
0010001300214U 060000000000000000000000000000000000000000000000000000000000000000000000075000000000000072100000000000000000000000000000001602201717022017            000000000000000                              000                           
0010001300215T 060180230000001544772 29577050691459308   7               17022017000000000007500104006620                         0900000000000010000000000000000000000000000000000000000   000000000000000000000029000        170192957705     
0010001300216U 060000000000000000000000000000000000000000000000000000000000000000000000075000000000000072100000000000000000000000000000001602201717022017            000000000000000                              000                           
0010001300217T 060180230000001544772 29577050699039248   7               18022017000000000007500021001050                         0900000000000010000000000000000000000000000000000000000   000000000000000000000029000        170192957705     
0010001300218U 060000000000000000000000000000000000000000000000000000000000000000000000075000000000000072100000000000000000000000000000001602201717022017            000000000000000                              000                           
0010001300219T 060180230000001544772 29577050703118565   7               18022017000000000007500001012416                         0900000000000010000000000000000000000000000000000000000   000000000000000000000029000        170192957705     
0010001300220U 060000000000000000000000000000000000000000000000000000000000000000000000075000000000000072100000000000000000000000000000001602201717022017            000000000000000                              000                           
0010001300221T 280180230000001544772 29577050006304004   7               17012017000000000007500001000000                         0900000000000000000000000000000000000000000000000000000   000000000000000000000005002        170192957705     
0010001300222U 280000000000000000000000000000000000000000000000000000000000000000000000000000000000000000000000000000000000000000000000001602201700000000            000000000000000                              000                           
0010001300223T 280180230000001544772 29577050006307554   7               17012017000000000007500001000000                         0900000000000000000000000000000000000000000000000000000   000000000000000000000005002        170192957705     
0010001300224U 280000000000000000000000000000000000000000000000000000000000000000000000000000000000000000000000000000000000000000000000001602201700000000            000000000000000                              000                           
0010001300225T 280180230000001544772 29577050006346385   7               17012017000000000007500001000000                         0900000000000000000000000000000000000000000000000000000   000000000000000000000005002        170192957705     
0010001300226U 280000000000000000000000000000000000000000000000000000000000000000000000000000000000000000000000000000000000000000000000001602201700000000            000000000000000                              000                           
0010001300227T 280180230000001544772 29577050014450272   7               17012017000000000007500001000000                         0900000000000000000000000000000000000000000000000000000   000000000000000000000005002        170192957705     
0010001300228U 280000000000000000000000000000000000000000000000000000000000000000000000000000000000000000000000000000000000000000000000001602201700000000            000000000000000                              000                           
0010001300229T 280180230000001544772 29577050070931389   788888888888889917012017000000000007500001000000888888888888899          0900000000000000000000000000000000000000000000000000000   000000000000000000000005002        170192957705     
0010001300230U 280000000000000000000000000000000000000000000000000000000000000000000000000000000000000000000000000000000000000000000000001602201700000000            000000000000000                              000                           
0010001300231T 280180230000001544772 29577050122306384   788888888888889917012017000000000007500001000000888888888888899          0900000000000000000000000000000000000000000000000000000   000000000000000000000005002        170192957705     
0010001300232U 280000000000000000000000000000000000000000000000000000000000000000000000000000000000000000000000000000000000000000000000001602201700000000            000000000000000                              000                           
0010001300233T 280180230000001544772 29577050122325309   788888888888889917012017000000000007500001000000888888888888899          0900000000000000000000000000000000000000000000000000000   000000000000000000000005002        170192957705     
0010001300234U 280000000000000000000000000000000000000000000000000000000000000000000000000000000000000000000000000000000000000000000000001602201700000000            000000000000000                              000                           
0010001300235T 280180230000001544772 29577050150002166   788888888888889917012017000000000007500001000000888888888888899          0900000000000000000000000000000000000000000000000000000   000000000000000000000005002        170192957705     
0010001300236U 280000000000000000000000000000000000000000000000000000000000000000000000000000000000000000000000000000000000000000000000001602201700000000            000000000000000                              000                           
0010001300237T 280180230000001544772 29577050150002327   788888888888889917012017000000000007500001000000888888888888899          0900000000000000000000000000000000000000000000000000000   000000000000000000000005002        170192957705     
0010001300238U 280000000000000000000000000000000000000000000000000000000000000000000000000000000000000000000000000000000000000000000000001602201700000000            000000000000000                              000                           
0010001300239T 280180230000001544772 29577050150003180   788888888888889917012017000000000007500001000000888888888888899          0900000000000000000000000000000000000000000000000000000   000000000000000000000005002        170192957705     
0010001300240U 280000000000000000000000000000000000000000000000000000000000000000000000000000000000000000000000000000000000000000000000001602201700000000            000000000000000                              000                           
0010001300241T 280180230000001544772 29577050150003190   788888888888889917012017000000000007500001000000888888888888899          0900000000000000000000000000000000000000000000000000000   000000000000000000000005002        170192957705     
0010001300242U 280000000000000000000000000000000000000000000000000000000000000000000000000000000000000000000000000000000000000000000000001602201700000000            000000000000000                              000                           
0010001300243T 280180230000001544772 29577050150004112   788888888888889917012017000000000007500001000000888888888888899          0900000000000000000000000000000000000000000000000000000   000000000000000000000005002        170192957705     
0010001300244U 280000000000000000000000000000000000000000000000000000000000000000000000000000000000000000000000000000000000000000000000001602201700000000            000000000000000                              000                           
0010001300245T 280180230000001544772 29577050204955265   788888888888889917012017000000000007500001000000888888888888899          0900000000000000000000000000000000000000000000000000000   000000000000000000000005002        170192957705     
0010001300246U 280000000000000000000000000000000000000000000000000000000000000000000000000000000000000000000000000000000000000000000000001602201700000000            000000000000000                              000                           
0010001300247T 280180230000001544772 29577050237721046   788888888888889917012017000000000007500001000000888888888888899          0900000000000000000000000000000000000000000000000000000   000000000000000000000005002        170192957705     
0010001300248U 280000000000000000000000000000000000000000000000000000000000000000000000000000000000000000000000000000000000000000000000001602201700000000            000000000000000                              000                           
0010001300249T 280180230000001544772 29577050242412194   788888888888889917012017000000000007500001000000888888888888899          0900000000000000000000000000000000000000000000000000000   000000000000000000000005002        170192957705     
0010001300250U 280000000000000000000000000000000000000000000000000000000000000000000000000000000000000000000000000000000000000000000000001602201700000000            000000000000000                              000                           
0010001300251T 280180230000001544772 29577050244933400   788888888888889917012017000000000007500001000000888888888888899          0900000000000000000000000000000000000000000000000000000   000000000000000000000005002        170192957705     
0010001300252U 280000000000000000000000000000000000000000000000000000000000000000000000000000000000000000000000000000000000000000000000001602201700000000            000000000000000                              000                           
0010001300253T 280180230000001544772 29577050245000866   788888888888889917012017000000000007500001000000888888888888899          0900000000000000000000000000000000000000000000000000000   000000000000000000000005002        170192957705     
0010001300254U 280000000000000000000000000000000000000000000000000000000000000000000000000000000000000000000000000000000000000000000000001602201700000000            000000000000000                              000                           
0010001300255T 280180230000001544772 29577050245127226   788888888888889917012017000000000007500001000000888888888888899          0900000000000000000000000000000000000000000000000000000   000000000000000000000005002        170192957705     
0010001300256U 280000000000000000000000000000000000000000000000000000000000000000000000000000000000000000000000000000000000000000000000001602201700000000            000000000000000                              000                           
0010001300257T 280180230000001544772 29577050245455935   788888888888889917012017000000000007500001000000888888888888899          0900000000000000000000000000000000000000000000000000000   000000000000000000000005002        170192957705     
0010001300258U 280000000000000000000000000000000000000000000000000000000000000000000000000000000000000000000000000000000000000000000000001602201700000000            000000000000000                              000                           
0010001300259T 280180230000001544772 29577050245603162   788888888888889917012017000000000007500001000000888888888888899          0900000000000000000000000000000000000000000000000000000   000000000000000000000005002        170192957705     
0010001300260U 280000000000000000000000000000000000000000000000000000000000000000000000000000000000000000000000000000000000000000000000001602201700000000            000000000000000                              000                           
0010001300261T 280180230000001544772 29577050245903693   788888888888889917012017000000000007500001000000888888888888899          0900000000000000000000000000000000000000000000000000000   000000000000000000000005002        170192957705     
0010001300262U 280000000000000000000000000000000000000000000000000000000000000000000000000000000000000000000000000000000000000000000000001602201700000000            000000000000000                              000                           
0010001300263T 280180230000001544772 29577050245914351   788888888888889917012017000000000007500001000000888888888888899          0900000000000000000000000000000000000000000000000000000   000000000000000000000005002        170192957705     
0010001300264U 280000000000000000000000000000000000000000000000000000000000000000000000000000000000000000000000000000000000000000000000001602201700000000            000000000000000                              000                           
0010001300265T 280180230000001544772 29577050245916424   788888888888889917012017000000000007500001000000888888888888899          0900000000000000000000000000000000000000000000000000000   000000000000000000000005002        170192957705     
0010001300266U 280000000000000000000000000000000000000000000000000000000000000000000000000000000000000000000000000000000000000000000000001602201700000000            000000000000000                              000                           
0010001300267T 280180230000001544772 29577050245940452   788888888888889917012017000000000007500001000000888888888888899          0900000000000000000000000000000000000000000000000000000   000000000000000000000005002        170192957705     
0010001300268U 280000000000000000000000000000000000000000000000000000000000000000000000000000000000000000000000000000000000000000000000001602201700000000            000000000000000                              000                           
0010001300269T 280180230000001544772 29577050245940617   788888888888889917012017000000000007500001000000888888888888899          0900000000000000000000000000000000000000000000000000000   000000000000000000000005002        170192957705     
0010001300270U 280000000000000000000000000000000000000000000000000000000000000000000000000000000000000000000000000000000000000000000000001602201700000000            000000000000000                              000                           
0010001300271T 280180230000001544772 29577050245959628   788888888888889917012017000000000007500001000000888888888888899          0900000000000000000000000000000000000000000000000000000   000000000000000000000005002        170192957705     
0010001300272U 280000000000000000000000000000000000000000000000000000000000000000000000000000000000000000000000000000000000000000000000001602201700000000            000000000000000                              000                           
0010001300273T 280180230000001544772 29577050246034765   788888888888889917012017000000000007500001000000888888888888899          0900000000000000000000000000000000000000000000000000000   000000000000000000000005002        170192957705     
0010001300274U 280000000000000000000000000000000000000000000000000000000000000000000000000000000000000000000000000000000000000000000000001602201700000000            000000000000000                              000                           
0010001300275T 280180230000001544772 29577050246356113   788888888888889917012017000000000007500001000000888888888888899          0900000000000000000000000000000000000000000000000000000   000000000000000000000005002        170192957705     
0010001300276U 280000000000000000000000000000000000000000000000000000000000000000000000000000000000000000000000000000000000000000000000001602201700000000            000000000000000                              000                           
0010001300277T 280180230000001544772 29577050246543086   788888888888889917012017000000000007500001000000888888888888899          0900000000000000000000000000000000000000000000000000000   000000000000000000000005002        170192957705     
0010001300278U 280000000000000000000000000000000000000000000000000000000000000000000000000000000000000000000000000000000000000000000000001602201700000000            000000000000000                              000                           
0010001300279T 280180230000001544772 29577050246700302   788888888888889917012017000000000007500001000000888888888888899          0900000000000000000000000000000000000000000000000000000   000000000000000000000005002        170192957705     
0010001300280U 280000000000000000000000000000000000000000000000000000000000000000000000000000000000000000000000000000000000000000000000001602201700000000            000000000000000                              000                           
0010001300281T 280180230000001544772 29577050246952979   788888888888889917012017000000000007500001000000888888888888899          0900000000000000000000000000000000000000000000000000000   000000000000000000000005002        170192957705     
0010001300282U 280000000000000000000000000000000000000000000000000000000000000000000000000000000000000000000000000000000000000000000000001602201700000000            000000000000000                              000                           
0010001300283T 280180230000001544772 29577050247056211   788888888888889917012017000000000007500001000000888888888888899          0900000000000000000000000000000000000000000000000000000   000000000000000000000005002        170192957705     
0010001300284U 280000000000000000000000000000000000000000000000000000000000000000000000000000000000000000000000000000000000000000000000001602201700000000            000000000000000                              000                           
0010001300285T 280180230000001544772 29577050247108210   788888888888889917012017000000000007500001000000888888888888899          0900000000000000000000000000000000000000000000000000000   000000000000000000000005002        170192957705     
0010001300286U 280000000000000000000000000000000000000000000000000000000000000000000000000000000000000000000000000000000000000000000000001602201700000000            000000000000000                              000                           
0010001300287T 280180230000001544772 29577050247220006   788888888888889917012017000000000007500001000000888888888888899          0900000000000000000000000000000000000000000000000000000   000000000000000000000005002        170192957705     
0010001300288U 280000000000000000000000000000000000000000000000000000000000000000000000000000000000000000000000000000000000000000000000001602201700000000            000000000000000                              000                           
0010001300289T 280180230000001544772 29577050247242109   788888888888889917012017000000000007500001000000888888888888899          0900000000000000000000000000000000000000000000000000000   000000000000000000000005002        170192957705     
0010001300290U 280000000000000000000000000000000000000000000000000000000000000000000000000000000000000000000000000000000000000000000000001602201700000000            000000000000000                              000                           
0010001300291T 280180230000001544772 29577050247354053   788888888888889917012017000000000007500001000000888888888888899          0900000000000000000000000000000000000000000000000000000   000000000000000000000005002        170192957705     
0010001300292U 280000000000000000000000000000000000000000000000000000000000000000000000000000000000000000000000000000000000000000000000001602201700000000            000000000000000                              000                           
0010001300293T 280180230000001544772 29577050247414906   788888888888889917012017000000000007500001000000888888888888899          0900000000000000000000000000000000000000000000000000000   000000000000000000000005002        170192957705     
0010001300294U 280000000000000000000000000000000000000000000000000000000000000000000000000000000000000000000000000000000000000000000000001602201700000000            000000000000000                              000                           
0010001300295T 280180230000001544772 29577050247505000   788888888888889917012017000000000007500001000000888888888888899          0900000000000000000000000000000000000000000000000000000   000000000000000000000005002        170192957705     
0010001300296U 280000000000000000000000000000000000000000000000000000000000000000000000000000000000000000000000000000000000000000000000001602201700000000            000000000000000                              000                           
0010001300297T 280180230000001544772 29577050247756656   788888888888889917012017000000000007500001000000888888888888899          0900000000000000000000000000000000000000000000000000000   000000000000000000000005002        170192957705     
0010001300298U 280000000000000000000000000000000000000000000000000000000000000000000000000000000000000000000000000000000000000000000000001602201700000000            000000000000000                              000                           
00100015         000300003770000000000288915000000000000000000000000000000000000000000000000000000000000000000000000000000000000000000000000000000                                                                                              
00199999         000001000302000000                                                                                                                                                            00000000000000000000000000000                    
