00100000         2247745860001000029165800014       0180230000000544779 INSTITUTO DE SELECAO E TECNOLOBANCO DO BRASIL                         21612201601081900010403000000515122941PROCESSAMEN                                                 
00100011T0100020 20247745860001000029165800014       0180230000000544779 INSTITUTO DE SELECAO E TECNOLO                                                                                000000001612201600000000  000000000                      
00100015         000002000000000000000000000000000000000000000000000000000000000000000000000000000000000000000000000000000000000000000000000000000                                                                                              
00199999         000001000004000000                                                                                                                                                            00000000000000000000000000000                    
