00100000         2247745860001000029577050014       0180230000001544772 INSTITUTO DE SELECAO E TECNOLOBANCO DO BRASIL                         21912201602323800001003000000515122941PROCESSAMEN                                                 
00100011T0100020 20247745860001000029577050014       0180230000001544772 INSTITUTO DE SELECAO E TECNOLO                                                                                000000001912201600000000  000000000                      
0010001300001T 020180230000001544772 29577050000040577   788888888888888819122016000000000001000001000213assistente adminitrativo 0900000000000010000000000000000000000000000000000000000   0000000000000000000000000A9        170192957705     
0010001300002U 020000000000000000000000000000000000000000000000000000000000000000000000000000000000000000000000000000000000000000000000001912201600000000            000000000000000                              000                           
0010001300003T 020180230000001544772 29577050007700000   712345678       1212201600000000001100000101981X12345678                 0900000000000010000000000000000000000000000000000000000   0000000000000000000000000A9        170192957705     
0010001300004U 020000000000000000000000000000000000000000000000000000000000000000000000000000000000000000000000000000000000000000000000001912201600000000            000000000000000                              000                           
0010001300005T 020180230000001544772 29577050007900000   712345678       1212201600000000000750000101981X12345678                 0900000000000010000000000000000000000000000000000000000   0000000000000000000000000A9        170192957705     
0010001300006U 020000000000000000000000000000000000000000000000000000000000000000000000000000000000000000000000000000000000000000000000001912201600000000            000000000000000                              000                           
0010001300007T 170180230000001544772 29577050000085360   7               00000000000000000001000001018023                         0900000000000010000000000000000000000000000000000000000   000000000000000000000070003        170192957705     
0010001300008U 170000000000000000000000000000000000000000000000000000000000000000000000010000000000000003000000000000000000000000000000001912201620122016            000000000000000                              000                           
0010001300009T 170180230000001544772 29577050003952191   7               00000000000000000001000001018023                         0900000000000010000000000000000000000000000000000000000   000000000000000000000070003        170192957705     
0010001300010U 170000000000000000000000000000000000000000000000000000000000000000000000010000000000000003000000000000000000000000000000001912201620122016            000000000000000                              000                           
0010001300011T 170180230000001544772 29577050004058491   7               00000000000000000001000001018023                         0900000000000010000000000000000000000000000000000000000   000000000000000000000070003        170192957705     
0010001300012U 170000000000000000000000000000000000000000000000000000000000000000000000010000000000000003000000000000000000000000000000001912201620122016            000000000000000                              000                           
0010001300013T 030180230000001544772 29577050000040584   112345678       2012201600000000000100000100000 12345678                 0900000000000000000000000000000000000000000000000000000   000000000000000000000000030        000002957705     
0010001300014U 030000000000000000000000000000000000000000000000000000000000000000000000000000000000000000000000000000000000000000000000001912201600000000            000000000000000                              000                           
0010001300015T 030180230000001544772 29577050000085360   142180          2112201600000000000100000100000 42180                    0900000000000000000000000000000000000000000000000000000   000000000000000000000000046        000002957705     
0010001300016U 030000000000000000000000000000000000000000000000000000000000000000000000000000000000000000000000000000000000000000000000001912201600000000            000000000000000                              000                           
0010001300017T 030180230000001544772 29577050003148007   13167200        1812201600000000000100000100000 3167200                  0900000000000000000000000000000000000000000000000000000   000000000000000000000000046        000002957705     
0010001300018U 030000000000000000000000000000000000000000000000000000000000000000000000000000000000000000000000000000000000000000000000001912201600000000            000000000000000                              000                           
0010001300019T 030180230000001544772 29577050003274435   13225000        1812201600000000000100000100000 3225000                  0900000000000000000000000000000000000000000000000000000   000000000000000000000000046        000002957705     
0010001300020U 030000000000000000000000000000000000000000000000000000000000000000000000000000000000000000000000000000000000000000000000001912201600000000            000000000000000                              000                           
0010001300021T 030180230000001544772 29577050003387215   13362100        1812201600000000000150000100000 3362100                  0900000000000000000000000000000000000000000000000000000   000000000000000000000000046        000002957705     
0010001300022U 030000000000000000000000000000000000000000000000000000000000000000000000000000000000000000000000000000000000000000000000001912201600000000            000000000000000                              000                           
0010001300023T 030180230000001544772 29577050003491256   13419800        1812201600000000000100000100000 3419800                  0900000000000000000000000000000000000000000000000000000   000000000000000000000000046        000002957705     
0010001300024U 030000000000000000000000000000000000000000000000000000000000000000000000000000000000000000000000000000000000000000000000001912201600000000            000000000000000                              000                           
0010001300025T 030180230000001544772 29577050003952191   112345678       1212201600000000000100000100000 12345678                 0900000000000000000000000000000000000000000000000000000   000000000000000000000000030        000002957705     
0010001300026U 030000000000000000000000000000000000000000000000000000000000000000000000000000000000000000000000000000000000000000000000001912201600000000            000000000000000                              000                           
00100015         000028000006000000000000490000000000000000000000000000000000000000000000000000000000000000000000000000000000000000000000000000000                                                                                              
00199999         000001000030000000                                                                                                                                                            00000000000000000000000000000                    
