00100000         2247745860001000029577050014       0180230000001544772 INSTITUTO DE SELECAO E TECNOLOBANCO DO BRASIL                         22112201601280100001403000000515122941PROCESSAMEN                                                 
00100011T0100020 20247745860001000029577050014       0180230000001544772 INSTITUTO DE SELECAO E TECNOLO                                                                                000000002112201600000000  000000000                      
0010001300001T 170180230000001544772 29577050004525977   7               00000000000000000007500001018023                         0900000000000010000000000000000000000000000000000000000   000000000000000000000070003        170192957705     
0010001300002U 170000000000000000000000000000000000000000000000000000000000000000000000075000000000000068000000000000000000000000000000002112201622122016            000000000000000                              000                           
0010001300003T 170180230000001544772 29577050004648195   7               00000000000000000005000341003170                         0900000000000010000000000000000000000000000000000000000   000000000000000000000070003        170192957705     
0010001300004U 170000000000000000000000000000000000000000000000000000000000000000000000050000000000000043000000000000000000000000000000002112201622122016            000000000000000                              000                           
0010001300005T 170180230000001544772 29577050011434192   7               00000000000000000007500104008290                         0900000000000010000000000000000000000000000000000000000   000000000000000000000070003        170192957705     
0010001300006U 170000000000000000000000000000000000000000000000000000000000000000000000075000000000000068000000000000000000000000000000002112201622122016            000000000000000                              000                           
0010001300007T 030180230000001544772 29577050004525977   145373          2312201600000000000750000100000 45373                    0900000000000000000000000000000000000000000000000000000   000000000000000000000000046        000002957705     
0010001300008U 030000000000000000000000000000000000000000000000000000000000000000000000000000000000000000000000000000000000000000000000002112201600000000            000000000000000                              000                           
00100015         000010000006000000000000490000000000000000000000000000000000000000000000000000000000000000000000000000000000000000000000000000000                                                                                              
00199999         000001000012000000                                                                                                                                                            00000000000000000000000000000                    
