00100000         2247745860001000029577050014       0180230000001544772 INSTITUTO DE SELECAO E TECNOLOBANCO DO BRASIL                         22812201601251400002603000000515122941PROCESSAMEN                                                 
00100011T0100020 20247745860001000029577050014       0180230000001544772 INSTITUTO DE SELECAO E TECNOLO                                                                                000000002812201600000000  000000000                      
0010001300001T 020180230000001544772 29577050006220001   788888888888889930122016000000000007500001012416888888888888899          0900000000000010000000000000000000000000000000000000000   0000000000000000000000000A9        170192957705     
0010001300002U 020000000000000000000000000000000000000000000000000000000000000000000000000000000000000000000000000000000000000000000000002812201600000000            000000000000000                              000                           
0010001300003T 020180230000001544772 29577050010224732   78888888888888993012201600000000000750000103049X888888888888899          0900000000000010000000000000000000000000000000000000000   0000000000000000000000000A9        170192957705     
0010001300004U 020000000000000000000000000000000000000000000000000000000000000000000000000000000000000000000000000000000000000000000000002812201600000000            000000000000000                              000                           
0010001300005T 020180230000001544772 29577050017056983   788888888888889930122016000000000010000001012416888888888888899          0900000000000010000000000000000000000000000000000000000   0000000000000000000000000A9        170192957705     
0010001300006U 020000000000000000000000000000000000000000000000000000000000000000000000000000000000000000000000000000000000000000000000002812201600000000            000000000000000                              000                           
0010001300007T 020180230000001544772 29577050033045790   788888888888889930122016000000000007500001009245888888888888899          0900000000000010000000000000000000000000000000000000000   0000000000000000000000000A9        170192957705     
0010001300008U 020000000000000000000000000000000000000000000000000000000000000000000000000000000000000000000000000000000000000000000000002812201600000000            000000000000000                              000                           
0010001300009T 020180230000001544772 29577050037954423   78888888888888993012201600000000000750000103049X888888888888899          0900000000000010000000000000000000000000000000000000000   0000000000000000000000000A9        170192957705     
0010001300010U 020000000000000000000000000000000000000000000000000000000000000000000000000000000000000000000000000000000000000000000000002812201600000000            000000000000000                              000                           
0010001300011T 020180230000001544772 29577050063500360   788888888888889930122016000000000007500001012416888888888888899          0900000000000010000000000000000000000000000000000000000   0000000000000000000000000A9        170192957705     
0010001300012U 020000000000000000000000000000000000000000000000000000000000000000000000000000000000000000000000000000000000000000000000002812201600000000            000000000000000                              000                           
0010001300013T 020180230000001544772 29577050094603055   788888888888889930122016000000000007500001012416888888888888899          0900000000000010000000000000000000000000000000000000000   0000000000000000000000000A9        170192957705     
0010001300014U 020000000000000000000000000000000000000000000000000000000000000000000000000000000000000000000000000000000000000000000000002812201600000000            000000000000000                              000                           
0010001300015T 020180230000001544772 29577050095020336   788888888888889930122016000000000007500001000213888888888888899          0900000000000010000000000000000000000000000000000000000   0000000000000000000000000A9        170192957705     
0010001300016U 020000000000000000000000000000000000000000000000000000000000000000000000000000000000000000000000000000000000000000000000002812201600000000            000000000000000                              000                           
0010001300017T 020180230000001544772 29577050095145763   788888888888889930122016000000000007500001012408888888888888899          0900000000000010000000000000000000000000000000000000000   0000000000000000000000000A9        170192957705     
0010001300018U 020000000000000000000000000000000000000000000000000000000000000000000000000000000000000000000000000000000000000000000000002812201600000000            000000000000000                              000                           
0010001300019T 020180230000001544772 29577050095216907   788888888888889930122016000000000007500001012408888888888888899          0900000000000010000000000000000000000000000000000000000   0000000000000000000000000A9        170192957705     
0010001300020U 020000000000000000000000000000000000000000000000000000000000000000000000000000000000000000000000000000000000000000000000002812201600000000            000000000000000                              000                           
0010001300021T 020180230000001544772 29577050095225958   788888888888889930122016000000000007500001012408888888888888899          0900000000000010000000000000000000000000000000000000000   0000000000000000000000000A9        170192957705     
0010001300022U 020000000000000000000000000000000000000000000000000000000000000000000000000000000000000000000000000000000000000000000000002812201600000000            000000000000000                              000                           
0010001300023T 020180230000001544772 29577050095409774   788888888888889930122016000000000007500001012408888888888888899          0900000000000010000000000000000000000000000000000000000   0000000000000000000000000A9        170192957705     
0010001300024U 020000000000000000000000000000000000000000000000000000000000000000000000000000000000000000000000000000000000000000000000002812201600000000            000000000000000                              000                           
0010001300025T 020180230000001544772 29577050095523757   788888888888889930122016000000000010000001031550888888888888899          0900000000000010000000000000000000000000000000000000000   0000000000000000000000000A9        170192957705     
0010001300026U 020000000000000000000000000000000000000000000000000000000000000000000000000000000000000000000000000000000000000000000000002812201600000000            000000000000000                              000                           
0010001300027T 020180230000001544772 29577050095608262   788888888888889930122016000000000007500001000833888888888888899          0900000000000010000000000000000000000000000000000000000   0000000000000000000000000A9        170192957705     
0010001300028U 020000000000000000000000000000000000000000000000000000000000000000000000000000000000000000000000000000000000000000000000002812201600000000            000000000000000                              000                           
0010001300029T 020180230000001544772 29577050095854456   78888888888888993012201600000000000750000103049X888888888888899          0900000000000010000000000000000000000000000000000000000   0000000000000000000000000A9        170192957705     
0010001300030U 020000000000000000000000000000000000000000000000000000000000000000000000000000000000000000000000000000000000000000000000002812201600000000            000000000000000                              000                           
0010001300031T 020180230000001544772 29577050095916010   788888888888889930122016000000000007500001032077888888888888899          0900000000000010000000000000000000000000000000000000000   0000000000000000000000000A9        170192957705     
0010001300032U 020000000000000000000000000000000000000000000000000000000000000000000000000000000000000000000000000000000000000000000000002812201600000000            000000000000000                              000                           
0010001300033T 020180230000001544772 29577050096043544   78888888888888993012201600000000000750000103049X888888888888899          0900000000000010000000000000000000000000000000000000000   0000000000000000000000000A9        170192957705     
0010001300034U 020000000000000000000000000000000000000000000000000000000000000000000000000000000000000000000000000000000000000000000000002812201600000000            000000000000000                              000                           
0010001300035T 020180230000001544772 29577050096148014   788888888888889930122016000000000007500001012416888888888888899          0900000000000010500000000000000000000000000000000000000   0000000000000000000000000A9A4      170192957705     
0010001300036U 020000000000000000000000000000000000000000000000000000000000000000000000000000000000000000000000000000000000000000000000002812201600000000            000000000000000                              000                           
0010001300037T 020180230000001544772 29577050096237972   788888888888889930122016000000000010000001012416888888888888899          0900000000000010000000000000000000000000000000000000000   0000000000000000000000000A9        170192957705     
0010001300038U 020000000000000000000000000000000000000000000000000000000000000000000000000000000000000000000000000000000000000000000000002812201600000000            000000000000000                              000                           
0010001300039T 020180230000001544772 29577050096350321   788888888888889930122016000000000007500001012416888888888888899          0900000000000010500000000000000000000000000000000000000   0000000000000000000000000A9A4      170192957705     
0010001300040U 020000000000000000000000000000000000000000000000000000000000000000000000000000000000000000000000000000000000000000000000002812201600000000            000000000000000                              000                           
0010001300041T 020180230000001544772 29577050096443349   788888888888889930122016000000000007500001004782888888888888899          0900000000000010500000000000000000000000000000000000000   0000000000000000000000000A9A4      170192957705     
0010001300042U 020000000000000000000000000000000000000000000000000000000000000000000000000000000000000000000000000000000000000000000000002812201600000000            000000000000000                              000                           
0010001300043T 020180230000001544772 29577050096633788   788888888888889930122016000000000007500001004782888888888888899          0900000000000010500000000000000000000000000000000000000   0000000000000000000000000A9A4      170192957705     
0010001300044U 020000000000000000000000000000000000000000000000000000000000000000000000000000000000000000000000000000000000000000000000002812201600000000            000000000000000                              000                           
0010001300045T 020180230000001544772 29577050096702597   788888888888889930122016000000000007500001012416888888888888899          0900000000000010000000000000000000000000000000000000000   0000000000000000000000000A9        170192957705     
0010001300046U 020000000000000000000000000000000000000000000000000000000000000000000000000000000000000000000000000000000000000000000000002812201600000000            000000000000000                              000                           
0010001300047T 020180230000001544772 29577050096805795   788888888888889930122016000000000007500001012408888888888888899          0900000000000010000000000000000000000000000000000000000   0000000000000000000000000A9        170192957705     
0010001300048U 020000000000000000000000000000000000000000000000000000000000000000000000000000000000000000000000000000000000000000000000002812201600000000            000000000000000                              000                           
0010001300049T 020180230000001544772 29577050096929800   788888888888889930122016000000000007500001000213888888888888899          0900000000000010000000000000000000000000000000000000000   0000000000000000000000000A9        170192957705     
0010001300050U 020000000000000000000000000000000000000000000000000000000000000000000000000000000000000000000000000000000000000000000000002812201600000000            000000000000000                              000                           
0010001300051T 020180230000001544772 29577050097124728   788888888888889930122016000000000007500001000213888888888888899          0900000000000010000000000000000000000000000000000000000   0000000000000000000000000A9        170192957705     
0010001300052U 020000000000000000000000000000000000000000000000000000000000000000000000000000000000000000000000000000000000000000000000002812201600000000            000000000000000                              000                           
0010001300053T 020180230000001544772 29577050097131352   788888888888889930122016000000000007500001000213888888888888899          0900000000000010000000000000000000000000000000000000000   0000000000000000000000000A9        170192957705     
0010001300054U 020000000000000000000000000000000000000000000000000000000000000000000000000000000000000000000000000000000000000000000000002812201600000000            000000000000000                              000                           
0010001300055T 020180230000001544772 29577050097151922   788888888888889930122016000000000007500001000213888888888888899          0900000000000010000000000000000000000000000000000000000   0000000000000000000000000A9        170192957705     
0010001300056U 020000000000000000000000000000000000000000000000000000000000000000000000000000000000000000000000000000000000000000000000002812201600000000            000000000000000                              000                           
0010001300057T 020180230000001544772 29577050097355443   788888888888889930122016000000000007500001000833888888888888899          0900000000000010000000000000000000000000000000000000000   0000000000000000000000000A9        170192957705     
0010001300058U 020000000000000000000000000000000000000000000000000000000000000000000000000000000000000000000000000000000000000000000000002812201600000000            000000000000000                              000                           
0010001300059T 020180230000001544772 29577050097452373   788888888888889930122016000000000007500001000833888888888888899          0900000000000010000000000000000000000000000000000000000   0000000000000000000000000A9        170192957705     
0010001300060U 020000000000000000000000000000000000000000000000000000000000000000000000000000000000000000000000000000000000000000000000002812201600000000            000000000000000                              000                           
0010001300061T 020180230000001544772 29577050097539309   788888888888889930122016000000000007500001000213888888888888899          0900000000000010000000000000000000000000000000000000000   0000000000000000000000000A9        170192957705     
0010001300062U 020000000000000000000000000000000000000000000000000000000000000000000000000000000000000000000000000000000000000000000000002812201600000000            000000000000000                              000                           
0010001300063T 020180230000001544772 29577050097555903   788888888888889930122016000000000007500001000213888888888888899          0900000000000010000000000000000000000000000000000000000   0000000000000000000000000A9        170192957705     
0010001300064U 020000000000000000000000000000000000000000000000000000000000000000000000000000000000000000000000000000000000000000000000002812201600000000            000000000000000                              000                           
0010001300065T 020180230000001544772 29577050097657904   788888888888889930122016000000000007500001000833888888888888899          0900000000000010000000000000000000000000000000000000000   0000000000000000000000000A9        170192957705     
0010001300066U 020000000000000000000000000000000000000000000000000000000000000000000000000000000000000000000000000000000000000000000000002812201600000000            000000000000000                              000                           
0010001300067T 020180230000001544772 29577050097717606   788888888888889930122016000000000007500001000213888888888888899          0900000000000010000000000000000000000000000000000000000   0000000000000000000000000A9        170192957705     
0010001300068U 020000000000000000000000000000000000000000000000000000000000000000000000000000000000000000000000000000000000000000000000002812201600000000            000000000000000                              000                           
0010001300069T 020180230000001544772 29577050097827162   788888888888889930122016000000000007500001000213888888888888899          0900000000000010000000000000000000000000000000000000000   0000000000000000000000000A9        170192957705     
0010001300070U 020000000000000000000000000000000000000000000000000000000000000000000000000000000000000000000000000000000000000000000000002812201600000000            000000000000000                              000                           
0010001300071T 020180230000001544772 29577050097928369   788888888888889930122016000000000007500001000213888888888888899          0900000000000010000000000000000000000000000000000000000   0000000000000000000000000A9        170192957705     
0010001300072U 020000000000000000000000000000000000000000000000000000000000000000000000000000000000000000000000000000000000000000000000002812201600000000            000000000000000                              000                           
0010001300073T 020180230000001544772 29577050098144575   788888888888889930122016000000000007500001000213888888888888899          0900000000000010000000000000000000000000000000000000000   0000000000000000000000000A9        170192957705     
0010001300074U 020000000000000000000000000000000000000000000000000000000000000000000000000000000000000000000000000000000000000000000000002812201600000000            000000000000000                              000                           
0010001300075T 020180230000001544772 29577050098230542   788888888888889930122016000000000007500001012408888888888888899          0900000000000010000000000000000000000000000000000000000   0000000000000000000000000A9        170192957705     
0010001300076U 020000000000000000000000000000000000000000000000000000000000000000000000000000000000000000000000000000000000000000000000002812201600000000            000000000000000                              000                           
0010001300077T 020180230000001544772 29577050098342636   788888888888889930122016000000000007500001012408888888888888899          0900000000000010000000000000000000000000000000000000000   0000000000000000000000000A9        170192957705     
0010001300078U 020000000000000000000000000000000000000000000000000000000000000000000000000000000000000000000000000000000000000000000000002812201600000000            000000000000000                              000                           
0010001300079T 020180230000001544772 29577050098412921   78888888888888993012201600000000000750000103049X888888888888899          0900000000000010000000000000000000000000000000000000000   0000000000000000000000000A9        170192957705     
0010001300080U 020000000000000000000000000000000000000000000000000000000000000000000000000000000000000000000000000000000000000000000000002812201600000000            000000000000000                              000                           
0010001300081T 020180230000001544772 29577050098518489   788888888888889930122016000000000007500001012408888888888888899          0900000000000010000000000000000000000000000000000000000   0000000000000000000000000A9        170192957705     
0010001300082U 020000000000000000000000000000000000000000000000000000000000000000000000000000000000000000000000000000000000000000000000002812201600000000            000000000000000                              000                           
0010001300083T 020180230000001544772 29577050098602415   788888888888889930122016000000000007500001004782888888888888899          0900000000000010000000000000000000000000000000000000000   0000000000000000000000000A9        170192957705     
0010001300084U 020000000000000000000000000000000000000000000000000000000000000000000000000000000000000000000000000000000000000000000000002812201600000000            000000000000000                              000                           
0010001300085T 020180230000001544772 29577050098703653   788888888888889930122016000000000007500001004782888888888888899          0900000000000010000000000000000000000000000000000000000   0000000000000000000000000A9        170192957705     
0010001300086U 020000000000000000000000000000000000000000000000000000000000000000000000000000000000000000000000000000000000000000000000002812201600000000            000000000000000                              000                           
0010001300087T 020180230000001544772 29577050098821383   788888888888889930122016000000000007500001036951888888888888899          0900000000000010500000000000000000000000000000000000000   0000000000000000000000000A9A4      170192957705     
0010001300088U 020000000000000000000000000000000000000000000000000000000000000000000000000000000000000000000000000000000000000000000000002812201600000000            000000000000000                              000                           
0010001300089T 020180230000001544772 29577050098839476   788888888888889930122016000000000007500001036951888888888888899          0900000000000010500000000000000000000000000000000000000   0000000000000000000000000A9A4      170192957705     
0010001300090U 020000000000000000000000000000000000000000000000000000000000000000000000000000000000000000000000000000000000000000000000002812201600000000            000000000000000                              000                           
0010001300091T 020180230000001544772 29577050099037819   788888888888889930122016000000000007500001012408888888888888899          0900000000000010000000000000000000000000000000000000000   0000000000000000000000000A9        170192957705     
0010001300092U 020000000000000000000000000000000000000000000000000000000000000000000000000000000000000000000000000000000000000000000000002812201600000000            000000000000000                              000                           
0010001300093T 170180230000001544772 29577050006035210   7               00000000000000000007500021000440                         0900000000000010000000000000000000000000000000000000000   000000000000000000000070003        170192957705     
0010001300094U 170000000000000000000000000000000000000000000000000000000000000000000000075000000000000068000000000000000000000000000000002812201629122016            000000000000000                              000                           
0010001300095T 170180230000001544772 29577050006100776   7               00000000000000000007500021000440                         0900000000000010000000000000000000000000000000000000000   000000000000000000000070003        170192957705     
0010001300096U 170000000000000000000000000000000000000000000000000000000000000000000000075000000000000068000000000000000000000000000000002812201629122016            000000000000000                              000                           
0010001300097T 170180230000001544772 29577050006411750   7               00000000000000000007500021000440                         0900000000000010000000000000000000000000000000000000000   000000000000000000000070003        170192957705     
0010001300098U 170000000000000000000000000000000000000000000000000000000000000000000000075000000000000068000000000000000000000000000000002812201629122016            000000000000000                              000                           
0010001300099T 170180230000001544772 29577050026226939   7               00000000000000000010000001030848                         0900000000000010000000000000000000000000000000000000000   000000000000000000000070003        170192957705     
0010001300100U 170000000000000000000000000000000000000000000000000000000000000000000000100000000000000093000000000000000000000000000000002812201629122016            000000000000000                              000                           
0010001300101T 170180230000001544772 29577050029204578   7               0000000000000000000750000100829X                         0900000000000010000000000000000000000000000000000000000   000000000000000000000070003        170192957705     
0010001300102U 170000000000000000000000000000000000000000000000000000000000000000000000075000000000000068000000000000000000000000000000002812201629122016            000000000000000                              000                           
0010001300103T 170180230000001544772 29577050051032229   7               00000000000000000007500104018260                         0900000000000010000000000000000000000000000000000000000   000000000000000000000070003        170192957705     
0010001300104U 170000000000000000000000000000000000000000000000000000000000000000000000075000000000000068000000000000000000000000000000002812201629122016            000000000000000                              000                           
0010001300105T 170180230000001544772 29577050070227363   7               00000000000000000007500341065090                         0900000000000010000000000000000000000000000000000000000   000000000000000000000070003        170192957705     
0010001300106U 170000000000000000000000000000000000000000000000000000000000000000000000075000000000000068000000000000000000000000000000002812201629122016            000000000000000                              000                           
0010001300107T 170180230000001544772 29577050074333140   7               00000000000000000007500001014079                         0900000000000010000000000000000000000000000000000000000   000000000000000000000070003        170192957705     
0010001300108U 170000000000000000000000000000000000000000000000000000000000000000000000075000000000000068000000000000000000000000000000002812201629122016            000000000000000                              000                           
0010001300109T 060180230000001544772 29577050084458296   788888888888889929122016000000000007500104046070888888888888899          0900000000000010000000000000000000000000000000000000000   000000000000000000000029000        170192957705     
0010001300110U 060000000000000000000000000000000000000000000000000000000000000000000000075000000000000072100000000000000000000000000000002812201629122016            000000000000000                              000                           
0010001300111T 060180230000001544772 29577050085639161   788888888888889929122016000000000010000756017100888888888888899          0900000000000010000000000000000000000000000000000000000   000000000000000000000029000        170192957705     
0010001300112U 060000000000000000000000000000000000000000000000000000000000000000000000100000000000000097100000000000000000000000000000002812201629122016            000000000000000                              000                           
0010001300113T 170180230000001544772 29577050093859505   7               00000000000000000010000104001730                         0900000000000010000000000000000000000000000000000000000   000000000000000000000070003        170192957705     
0010001300114U 170000000000000000000000000000000000000000000000000000000000000000000000100000000000000093000000000000000000000000000000002812201629122016            000000000000000                              000                           
0010001300115T 060180230000001544772 29577050097151922   788888888888889930122016000000000007500104023100888888888888899          0900000000000010000000000000000000000000000000000000000   000000000000000000000029000        170192957705     
0010001300116U 060000000000000000000000000000000000000000000000000000000000000000000000075000000000000072100000000000000000000000000000002812201629122016            000000000000000                              000                           
0010001300117T 060180230000001544772 29577050097717606   788888888888889930122016000000000007500104023100888888888888899          0900000000000010000000000000000000000000000000000000000   000000000000000000000029000        170192957705     
0010001300118U 060000000000000000000000000000000000000000000000000000000000000000000000075000000000000072100000000000000000000000000000002812201629122016            000000000000000                              000                           
0010001300119T 060180230000001544772 29577050097827162   788888888888889930122016000000000007500104023100888888888888899          0900000000000010000000000000000000000000000000000000000   000000000000000000000029000        170192957705     
0010001300120U 060000000000000000000000000000000000000000000000000000000000000000000000075000000000000072100000000000000000000000000000002812201629122016            000000000000000                              000                           
0010001300121T 170180230000001544772 29577050102254327   7               00000000000000000007500001031933                         0900000000000010000000000000000000000000000000000000000   000000000000000000000070003        170192957705     
0010001300122U 170000000000000000000000000000000000000000000000000000000000000000000000075000000000000068000000000000000000000000000000002812201629122016            000000000000000                              000                           
00100015         000124000300000000000023390000000000000000000000000000000000000000000000000000000000000000000000000000000000000000000000000000000                                                                                              
00199999         000001000126000000                                                                                                                                                            00000000000000000000000000000                    
