00100000         2247745860001000029577050014       0180230000001544772 INSTITUTO DE SELECAO E TECNOLOBANCO DO BRASIL                         20301201702081600003403000000515122941PROCESSAMEN                                                 
00100011T0100020 20247745860001000029577050014       0180230000001544772 INSTITUTO DE SELECAO E TECNOLO                                                                                000000000301201700000000  000000000                      
0010001300001T 020180230000001544772 29577050009556002   788888888888889905012017000000000010000001000213888888888888899          0900000000000010000000000000000000000000000000000000000   0000000000000000000000000A9        170192957705     
0010001300002U 020000000000000000000000000000000000000000000000000000000000000000000000000000000000000000000000000000000000000000000000000301201700000000            000000000000000                              000                           
0010001300003T 020180230000001544772 29577050043420779   788888888888889905012017000000000007500001000213888888888888899          0900000000000010000000000000000000000000000000000000000   0000000000000000000000000A9        170192957705     
0010001300004U 020000000000000000000000000000000000000000000000000000000000000000000000000000000000000000000000000000000000000000000000000301201700000000            000000000000000                              000                           
0010001300005T 020180230000001544772 29577050074647080   78888888888888990501201700000000000750000103049X888888888888899          0900000000000010000000000000000000000000000000000000000   0000000000000000000000000A9        170192957705     
0010001300006U 020000000000000000000000000000000000000000000000000000000000000000000000000000000000000000000000000000000000000000000000000301201700000000            000000000000000                              000                           
0010001300007T 020180230000001544772 29577050120638904   78888888888888990501201700000000000750000103049X888888888888899          0900000000000010000000000000000000000000000000000000000   0000000000000000000000000A9        170192957705     
0010001300008U 020000000000000000000000000000000000000000000000000000000000000000000000000000000000000000000000000000000000000000000000000301201700000000            000000000000000                              000                           
0010001300009T 020180230000001544772 29577050120649308   78888888888888990501201700000000000750000103049X888888888888899          0900000000000010000000000000000000000000000000000000000   0000000000000000000000000A9        170192957705     
0010001300010U 020000000000000000000000000000000000000000000000000000000000000000000000000000000000000000000000000000000000000000000000000301201700000000            000000000000000                              000                           
0010001300011T 020180230000001544772 29577050128001146   788888888888889905012017000000000007500001000213888888888888899          0900000000000010000000000000000000000000000000000000000   0000000000000000000000000A9        170192957705     
0010001300012U 020000000000000000000000000000000000000000000000000000000000000000000000000000000000000000000000000000000000000000000000000301201700000000            000000000000000                              000                           
0010001300013T 020180230000001544772 29577050132109628   788888888888889905012017000000000007500001028649888888888888899          0900000000000010000000000000000000000000000000000000000   0000000000000000000000000A9        170192957705     
0010001300014U 020000000000000000000000000000000000000000000000000000000000000000000000000000000000000000000000000000000000000000000000000301201700000000            000000000000000                              000                           
0010001300015T 020180230000001544772 29577050132153954   788888888888889905012017000000000007500001028649888888888888899          0900000000000010000000000000000000000000000000000000000   0000000000000000000000000A9        170192957705     
0010001300016U 020000000000000000000000000000000000000000000000000000000000000000000000000000000000000000000000000000000000000000000000000301201700000000            000000000000000                              000                           
0010001300017T 020180230000001544772 29577050132252491   788888888888889905012017000000000007500001012408888888888888899          0900000000000010000000000000000000000000000000000000000   0000000000000000000000000A9        170192957705     
0010001300018U 020000000000000000000000000000000000000000000000000000000000000000000000000000000000000000000000000000000000000000000000000301201700000000            000000000000000                              000                           
0010001300019T 020180230000001544772 29577050132318644   788888888888889905012017000000000007500001012408888888888888899          0900000000000010000000000000000000000000000000000000000   0000000000000000000000000A9        170192957705     
0010001300020U 020000000000000000000000000000000000000000000000000000000000000000000000000000000000000000000000000000000000000000000000000301201700000000            000000000000000                              000                           
0010001300021T 020180230000001544772 29577050132436701   788888888888889905012017000000000007500001000213888888888888899          0900000000000010500000000000000000000000000000000000000   0000000000000000000000000A9A4      170192957705     
0010001300022U 020000000000000000000000000000000000000000000000000000000000000000000000000000000000000000000000000000000000000000000000000301201700000000            000000000000000                              000                           
0010001300023T 020180230000001544772 29577050132723735   788888888888889905012017000000000007500001012408888888888888899          0900000000000010000000000000000000000000000000000000000   0000000000000000000000000A9        170192957705     
0010001300024U 020000000000000000000000000000000000000000000000000000000000000000000000000000000000000000000000000000000000000000000000000301201700000000            000000000000000                              000                           
0010001300025T 020180230000001544772 29577050132904861   78888888888888990501201700000000000750000103049X888888888888899          0900000000000010000000000000000000000000000000000000000   0000000000000000000000000A9        170192957705     
0010001300026U 020000000000000000000000000000000000000000000000000000000000000000000000000000000000000000000000000000000000000000000000000301201700000000            000000000000000                              000                           
0010001300027T 020180230000001544772 29577050133300059   788888888888889905012017000000000007500001009245888888888888899          0900000000000010000000000000000000000000000000000000000   0000000000000000000000000A9        170192957705     
0010001300028U 020000000000000000000000000000000000000000000000000000000000000000000000000000000000000000000000000000000000000000000000000301201700000000            000000000000000                              000                           
0010001300029T 020180230000001544772 29577050133424794   788888888888889905012017000000000007500001012416888888888888899          0900000000000010000000000000000000000000000000000000000   0000000000000000000000000A9        170192957705     
0010001300030U 020000000000000000000000000000000000000000000000000000000000000000000000000000000000000000000000000000000000000000000000000301201700000000            000000000000000                              000                           
0010001300031T 020180230000001544772 29577050133641871   788888888888889905012017000000000007500001000213888888888888899          0900000000000010000000000000000000000000000000000000000   0000000000000000000000000A9        170192957705     
0010001300032U 020000000000000000000000000000000000000000000000000000000000000000000000000000000000000000000000000000000000000000000000000301201700000000            000000000000000                              000                           
0010001300033T 020180230000001544772 29577050133721488   788888888888889905012017000000000007500001000213888888888888899          0900000000000010000000000000000000000000000000000000000   0000000000000000000000000A9        170192957705     
0010001300034U 020000000000000000000000000000000000000000000000000000000000000000000000000000000000000000000000000000000000000000000000000301201700000000            000000000000000                              000                           
0010001300035T 020180230000001544772 29577050133949433   788888888888889905012017000000000007500001012408888888888888899          0900000000000010000000000000000000000000000000000000000   0000000000000000000000000A9        170192957705     
0010001300036U 020000000000000000000000000000000000000000000000000000000000000000000000000000000000000000000000000000000000000000000000000301201700000000            000000000000000                              000                           
0010001300037T 020180230000001544772 29577050134009941   788888888888889905012017000000000007500001000213888888888888899          0900000000000010000000000000000000000000000000000000000   0000000000000000000000000A9        170192957705     
0010001300038U 020000000000000000000000000000000000000000000000000000000000000000000000000000000000000000000000000000000000000000000000000301201700000000            000000000000000                              000                           
0010001300039T 020180230000001544772 29577050134252725   78888888888888990501201700000000000750000103049X888888888888899          0900000000000010000000000000000000000000000000000000000   0000000000000000000000000A9        170192957705     
0010001300040U 020000000000000000000000000000000000000000000000000000000000000000000000000000000000000000000000000000000000000000000000000301201700000000            000000000000000                              000                           
0010001300041T 020180230000001544772 29577050134319036   788888888888889905012017000000000007500001012416888888888888899          0900000000000010000000000000000000000000000000000000000   0000000000000000000000000A9        170192957705     
0010001300042U 020000000000000000000000000000000000000000000000000000000000000000000000000000000000000000000000000000000000000000000000000301201700000000            000000000000000                              000                           
0010001300043T 020180230000001544772 29577050134513891   788888888888889905012017000000000007500001000213888888888888899          0900000000000010000000000000000000000000000000000000000   0000000000000000000000000A9        170192957705     
0010001300044U 020000000000000000000000000000000000000000000000000000000000000000000000000000000000000000000000000000000000000000000000000301201700000000            000000000000000                              000                           
0010001300045T 020180230000001544772 29577050134652919   788888888888889905012017000000000010000001000213888888888888899          0900000000000010000000000000000000000000000000000000000   0000000000000000000000000A9        170192957705     
0010001300046U 020000000000000000000000000000000000000000000000000000000000000000000000000000000000000000000000000000000000000000000000000301201700000000            000000000000000                              000                           
0010001300047T 020180230000001544772 29577050134850461   788888888888889905012017000000000010000001012408888888888888899          0900000000000010000000000000000000000000000000000000000   0000000000000000000000000A9        170192957705     
0010001300048U 020000000000000000000000000000000000000000000000000000000000000000000000000000000000000000000000000000000000000000000000000301201700000000            000000000000000                              000                           
0010001300049T 020180230000001544772 29577050134931231   78888888888888990501201700000000000750000103049X888888888888899          0900000000000010500000000000000000000000000000000000000   0000000000000000000000000A9A4      170192957705     
0010001300050U 020000000000000000000000000000000000000000000000000000000000000000000000000000000000000000000000000000000000000000000000000301201700000000            000000000000000                              000                           
0010001300051T 020180230000001544772 29577050135143862   788888888888889905012017000000000007500001000213888888888888899          0900000000000010500000000000000000000000000000000000000   0000000000000000000000000A9A4      170192957705     
0010001300052U 020000000000000000000000000000000000000000000000000000000000000000000000000000000000000000000000000000000000000000000000000301201700000000            000000000000000                              000                           
0010001300053T 020180230000001544772 29577050135238921   788888888888889905012017000000000007500001012408888888888888899          0900000000000010000000000000000000000000000000000000000   0000000000000000000000000A9        170192957705     
0010001300054U 020000000000000000000000000000000000000000000000000000000000000000000000000000000000000000000000000000000000000000000000000301201700000000            000000000000000                              000                           
0010001300055T 020180230000001544772 29577050135304452   788888888888889905012017000000000007500001000213888888888888899          0900000000000010500000000000000000000000000000000000000   0000000000000000000000000A9A4      170192957705     
0010001300056U 020000000000000000000000000000000000000000000000000000000000000000000000000000000000000000000000000000000000000000000000000301201700000000            000000000000000                              000                           
0010001300057T 020180230000001544772 29577050135444504   788888888888889905012017000000000007500001012408888888888888899          0900000000000010000000000000000000000000000000000000000   0000000000000000000000000A9        170192957705     
0010001300058U 020000000000000000000000000000000000000000000000000000000000000000000000000000000000000000000000000000000000000000000000000301201700000000            000000000000000                              000                           
0010001300059T 020180230000001544772 29577050135546837   788888888888889905012017000000000007500001000213888888888888899          0900000000000010000000000000000000000000000000000000000   0000000000000000000000000A9        170192957705     
0010001300060U 020000000000000000000000000000000000000000000000000000000000000000000000000000000000000000000000000000000000000000000000000301201700000000            000000000000000                              000                           
0010001300061T 020180230000001544772 29577050135753438   788888888888889905012017000000000007500001012408888888888888899          0900000000000010000000000000000000000000000000000000000   0000000000000000000000000A9        170192957705     
0010001300062U 020000000000000000000000000000000000000000000000000000000000000000000000000000000000000000000000000000000000000000000000000301201700000000            000000000000000                              000                           
0010001300063T 020180230000001544772 29577050135826552   788888888888889905012017000000000007500001012408888888888888899          0900000000000010000000000000000000000000000000000000000   0000000000000000000000000A9        170192957705     
0010001300064U 020000000000000000000000000000000000000000000000000000000000000000000000000000000000000000000000000000000000000000000000000301201700000000            000000000000000                              000                           
0010001300065T 020180230000001544772 29577050135851424   788888888888889905012017000000000007500001012408888888888888899          0900000000000010000000000000000000000000000000000000000   0000000000000000000000000A9        170192957705     
0010001300066U 020000000000000000000000000000000000000000000000000000000000000000000000000000000000000000000000000000000000000000000000000301201700000000            000000000000000                              000                           
0010001300067T 020180230000001544772 29577050135942820   788888888888889905012017000000000007500001000213888888888888899          0900000000000010000000000000000000000000000000000000000   0000000000000000000000000A9        170192957705     
0010001300068U 020000000000000000000000000000000000000000000000000000000000000000000000000000000000000000000000000000000000000000000000000301201700000000            000000000000000                              000                           
0010001300069T 020180230000001544772 29577050136130996   78888888888888990501201700000000000750000103049X888888888888899          0900000000000010000000000000000000000000000000000000000   0000000000000000000000000A9        170192957705     
0010001300070U 020000000000000000000000000000000000000000000000000000000000000000000000000000000000000000000000000000000000000000000000000301201700000000            000000000000000                              000                           
0010001300071T 020180230000001544772 29577050136310337   788888888888889905012017000000000007500001012408888888888888899          0900000000000010000000000000000000000000000000000000000   0000000000000000000000000A9        170192957705     
0010001300072U 020000000000000000000000000000000000000000000000000000000000000000000000000000000000000000000000000000000000000000000000000301201700000000            000000000000000                              000                           
0010001300073T 020180230000001544772 29577050136404401   788888888888889905012017000000000007500001012408888888888888899          0900000000000010000000000000000000000000000000000000000   0000000000000000000000000A9        170192957705     
0010001300074U 020000000000000000000000000000000000000000000000000000000000000000000000000000000000000000000000000000000000000000000000000301201700000000            000000000000000                              000                           
0010001300075T 020180230000001544772 29577050136531203   788888888888889905012017000000000007500001000213888888888888899          0900000000000010000000000000000000000000000000000000000   0000000000000000000000000A9        170192957705     
0010001300076U 020000000000000000000000000000000000000000000000000000000000000000000000000000000000000000000000000000000000000000000000000301201700000000            000000000000000                              000                           
0010001300077T 020180230000001544772 29577050136618319   788888888888889905012017000000000007500001000213888888888888899          0900000000000010000000000000000000000000000000000000000   0000000000000000000000000A9        170192957705     
0010001300078U 020000000000000000000000000000000000000000000000000000000000000000000000000000000000000000000000000000000000000000000000000301201700000000            000000000000000                              000                           
0010001300079T 020180230000001544772 29577050137016651   788888888888889905012017000000000007500001012416888888888888899          0900000000000010000000000000000000000000000000000000000   0000000000000000000000000A9        170192957705     
0010001300080U 020000000000000000000000000000000000000000000000000000000000000000000000000000000000000000000000000000000000000000000000000301201700000000            000000000000000                              000                           
0010001300081T 170180230000001544772 29577050120105456   7               00000000000000000010000104036590                         0900000000000010000000000000000000000000000000000000000   000000000000000000000070003        170192957705     
0010001300082U 170000000000000000000000000000000000000000000000000000000000000000000000100000000000000093000000000000000000000000000000000301201704012017            000000000000000                              000                           
0010001300083T 060180230000001544772 29577050120533829   788888888888889903012017000000000007500104030840888888888888899          0900000000000010000000000000000000000000000000000000000   000000000000000000000029000        170192957705     
0010001300084U 060000000000000000000000000000000000000000000000000000000000000000000000075000000000000072100000000000000000000000000000000301201704012017            000000000000000                              000                           
0010001300085T 060180230000001544772 29577050121855031   788888888888889904012017000000000007500021002360888888888888899          0900000000000010000000000000000000000000000000000000000   000000000000000000000029000        170192957705     
0010001300086U 060000000000000000000000000000000000000000000000000000000000000000000000075000000000000072100000000000000000000000000000000301201704012017            000000000000000                              000                           
0010001300087T 170180230000001544772 29577050125316575   7               00000000000000000010000021001060                         0900000000000010000000000000000000000000000000000000000   000000000000000000000070003        170192957705     
0010001300088U 170000000000000000000000000000000000000000000000000000000000000000000000100000000000000093000000000000000000000000000000000301201704012017            000000000000000                              000                           
0010001300089T 170180230000001544772 29577050137430420   7               00000000000000000007500021001040                         0900000000000010000000000000000000000000000000000000000   000000000000000000000070003        170192957705     
0010001300090U 170000000000000000000000000000000000000000000000000000000000000000000000075000000000000068000000000000000000000000000000000301201704012017            000000000000000                              000                           
0010001300091T 030180230000001544772 29577050092558733   78888888888888990501201700000000000750000100000 888888888888899          0900000000000000000000000000000000000000000000000000000   000000000000000000000000063        170192957705     
0010001300092U 030000000000000000000000000000000000000000000000000000000000000000000000000000000000000000000000000000000000000000000000000301201700000000            000000000000000                              000                           
00100015         000094000522000000000040340000000000000000000000000000000000000000000000000000000000000000000000000000000000000000000000000000000                                                                                              
00199999         000001000096000000                                                                                                                                                            00000000000000000000000000000                    
