00100000         2247745860001000029577050014       0180230000001544772 INSTITUTO DE SELECAO E TECNOLOBANCO DO BRASIL                         20501201702034000003803000000515122941PROCESSAMEN                                                 
00100011T0100020 20247745860001000029577050014       0180230000001544772 INSTITUTO DE SELECAO E TECNOLO                                                                                000000000501201700000000  000000000                      
0010001300001T 020180230000001544772 29577050058723707   788888888888889907012017000000000007500001012408888888888888899          0900000000000010000000000000000000000000000000000000000   0000000000000000000000000A9        170192957705     
0010001300002U 020000000000000000000000000000000000000000000000000000000000000000000000000000000000000000000000000000000000000000000000000501201700000000            000000000000000                              000                           
0010001300003T 020180230000001544772 29577050058726147   788888888888889907012017000000000007500001012408888888888888899          0900000000000010000000000000000000000000000000000000000   0000000000000000000000000A9        170192957705     
0010001300004U 020000000000000000000000000000000000000000000000000000000000000000000000000000000000000000000000000000000000000000000000000501201700000000            000000000000000                              000                           
0010001300005T 020180230000001544772 29577050058731385   788888888888889907012017000000000007500001012408888888888888899          0900000000000010000000000000000000000000000000000000000   0000000000000000000000000A9        170192957705     
0010001300006U 020000000000000000000000000000000000000000000000000000000000000000000000000000000000000000000000000000000000000000000000000501201700000000            000000000000000                              000                           
0010001300007T 020180230000001544772 29577050128049942   788888888888889907012017000000000007500001000213888888888888899          0900000000000010000000000000000000000000000000000000000   0000000000000000000000000A9        170192957705     
0010001300008U 020000000000000000000000000000000000000000000000000000000000000000000000000000000000000000000000000000000000000000000000000501201700000000            000000000000000                              000                           
0010001300009T 020180230000001544772 29577050140339859   788888888888889907012017000000000007500001009245888888888888899          0900000000000010000000000000000000000000000000000000000   0000000000000000000000000A9        170192957705     
0010001300010U 020000000000000000000000000000000000000000000000000000000000000000000000000000000000000000000000000000000000000000000000000501201700000000            000000000000000                              000                           
0010001300011T 020180230000001544772 29577050156242393   788888888888889907012017000000000007500001012408888888888888899          0900000000000010000000000000000000000000000000000000000   0000000000000000000000000A9        170192957705     
0010001300012U 020000000000000000000000000000000000000000000000000000000000000000000000000000000000000000000000000000000000000000000000000501201700000000            000000000000000                              000                           
0010001300013T 020180230000001544772 29577050156339603   788888888888889907012017000000000007500001007854888888888888899          0900000000000010000000000000000000000000000000000000000   0000000000000000000000000A9        170192957705     
0010001300014U 020000000000000000000000000000000000000000000000000000000000000000000000000000000000000000000000000000000000000000000000000501201700000000            000000000000000                              000                           
0010001300015T 020180230000001544772 29577050156442839   788888888888889907012017000000000007500001000213888888888888899          0900000000000010000000000000000000000000000000000000000   0000000000000000000000000A9        170192957705     
0010001300016U 020000000000000000000000000000000000000000000000000000000000000000000000000000000000000000000000000000000000000000000000000501201700000000            000000000000000                              000                           
0010001300017T 020180230000001544772 29577050156725201   788888888888889907012017000000000007500001012408888888888888899          0900000000000010000000000000000000000000000000000000000   0000000000000000000000000A9        170192957705     
0010001300018U 020000000000000000000000000000000000000000000000000000000000000000000000000000000000000000000000000000000000000000000000000501201700000000            000000000000000                              000                           
0010001300019T 020180230000001544772 29577050156854992   788888888888889907012017000000000007500001000213888888888888899          0900000000000010000000000000000000000000000000000000000   0000000000000000000000000A9        170192957705     
0010001300020U 020000000000000000000000000000000000000000000000000000000000000000000000000000000000000000000000000000000000000000000000000501201700000000            000000000000000                              000                           
0010001300021T 020180230000001544772 29577050157023238   788888888888889907012017000000000007500001000213888888888888899          0900000000000010000000000000000000000000000000000000000   0000000000000000000000000A9        170192957705     
0010001300022U 020000000000000000000000000000000000000000000000000000000000000000000000000000000000000000000000000000000000000000000000000501201700000000            000000000000000                              000                           
0010001300023T 020180230000001544772 29577050157123118   788888888888889907012017000000000007500001008338888888888888899          0900000000000010000000000000000000000000000000000000000   0000000000000000000000000A9        170192957705     
0010001300024U 020000000000000000000000000000000000000000000000000000000000000000000000000000000000000000000000000000000000000000000000000501201700000000            000000000000000                              000                           
0010001300025T 020180230000001544772 29577050157147026   788888888888889907012017000000000007500001008338888888888888899          0900000000000010000000000000000000000000000000000000000   0000000000000000000000000A9        170192957705     
0010001300026U 020000000000000000000000000000000000000000000000000000000000000000000000000000000000000000000000000000000000000000000000000501201700000000            000000000000000                              000                           
0010001300027T 020180230000001544772 29577050157240096   788888888888889907012017000000000007500001000213888888888888899          0900000000000010000000000000000000000000000000000000000   0000000000000000000000000A9        170192957705     
0010001300028U 020000000000000000000000000000000000000000000000000000000000000000000000000000000000000000000000000000000000000000000000000501201700000000            000000000000000                              000                           
0010001300029T 020180230000001544772 29577050157517476   788888888888889907012017000000000007500001012408888888888888899          0900000000000010000000000000000000000000000000000000000   0000000000000000000000000A9        170192957705     
0010001300030U 020000000000000000000000000000000000000000000000000000000000000000000000000000000000000000000000000000000000000000000000000501201700000000            000000000000000                              000                           
0010001300031T 020180230000001544772 29577050157529698   788888888888889907012017000000000007500001012408888888888888899          0900000000000010000000000000000000000000000000000000000   0000000000000000000000000A9        170192957705     
0010001300032U 020000000000000000000000000000000000000000000000000000000000000000000000000000000000000000000000000000000000000000000000000501201700000000            000000000000000                              000                           
0010001300033T 020180230000001544772 29577050157642988   788888888888889907012017000000000007500001012408888888888888899          0900000000000010000000000000000000000000000000000000000   0000000000000000000000000A9        170192957705     
0010001300034U 020000000000000000000000000000000000000000000000000000000000000000000000000000000000000000000000000000000000000000000000000501201700000000            000000000000000                              000                           
0010001300035T 020180230000001544772 29577050157811438   788888888888889907012017000000000007500001000833888888888888899          0900000000000010000000000000000000000000000000000000000   0000000000000000000000000A9        170192957705     
0010001300036U 020000000000000000000000000000000000000000000000000000000000000000000000000000000000000000000000000000000000000000000000000501201700000000            000000000000000                              000                           
0010001300037T 020180230000001544772 29577050157900037   788888888888889907012017000000000007500001000833888888888888899          0900000000000010000000000000000000000000000000000000000   0000000000000000000000000A9        170192957705     
0010001300038U 020000000000000000000000000000000000000000000000000000000000000000000000000000000000000000000000000000000000000000000000000501201700000000            000000000000000                              000                           
0010001300039T 020180230000001544772 29577050158103609   788888888888889907012017000000000007500001036900888888888888899          0900000000000010000000000000000000000000000000000000000   0000000000000000000000000A9        170192957705     
0010001300040U 020000000000000000000000000000000000000000000000000000000000000000000000000000000000000000000000000000000000000000000000000501201700000000            000000000000000                              000                           
0010001300041T 020180230000001544772 29577050158107919   788888888888889907012017000000000007500001036900888888888888899          0900000000000010000000000000000000000000000000000000000   0000000000000000000000000A9        170192957705     
0010001300042U 020000000000000000000000000000000000000000000000000000000000000000000000000000000000000000000000000000000000000000000000000501201700000000            000000000000000                              000                           
0010001300043T 020180230000001544772 29577050158137683   788888888888889907012017000000000007500001036900888888888888899          0900000000000010000000000000000000000000000000000000000   0000000000000000000000000A9        170192957705     
0010001300044U 020000000000000000000000000000000000000000000000000000000000000000000000000000000000000000000000000000000000000000000000000501201700000000            000000000000000                              000                           
0010001300045T 020180230000001544772 29577050158216849   788888888888889907012017000000000007500001000833888888888888899          0900000000000010000000000000000000000000000000000000000   0000000000000000000000000A9        170192957705     
0010001300046U 020000000000000000000000000000000000000000000000000000000000000000000000000000000000000000000000000000000000000000000000000501201700000000            000000000000000                              000                           
0010001300047T 020180230000001544772 29577050158304566   788888888888889907012017000000000007500001000833888888888888899          0900000000000010000000000000000000000000000000000000000   0000000000000000000000000A9        170192957705     
0010001300048U 020000000000000000000000000000000000000000000000000000000000000000000000000000000000000000000000000000000000000000000000000501201700000000            000000000000000                              000                           
0010001300049T 170180230000001544772 29577050055035666   7               00000000000000000007500001040355                         0900000000000010000000000000000000000000000000000000000   000000000000000000000070003        170192957705     
0010001300050U 170000000000000000000000000000000000000000000000000000000000000000000000075000000000000068000000000000000000000000000000000501201706012017            000000000000000                              000                           
0010001300051T 060180230000001544772 29577050055655518   788888888888889906012017000000000007500104005900888888888888899          0900000000000010000000000000000000000000000000000000000   000000000000000000000029000        170192957705     
0010001300052U 060000000000000000000000000000000000000000000000000000000000000000000000075000000000000072100000000000000000000000000000000501201706012017            000000000000000                              000                           
0010001300053T 060180230000001544772 29577050100044197   788888888888889906012017000000000010000104042330888888888888899          0900000000000010000000000000000000000000000000000000000   000000000000000000000029000        170192957705     
0010001300054U 060000000000000000000000000000000000000000000000000000000000000000000000100000000000000097100000000000000000000000000000000501201706012017            000000000000000                              000                           
0010001300055T 170180230000001544772 29577050101356213   7               00000000000000000007500001034363                         0900000000000010000000000000000000000000000000000000000   000000000000000000000070003        170192957705     
0010001300056U 170000000000000000000000000000000000000000000000000000000000000000000000075000000000000068000000000000000000000000000000000501201706012017            000000000000000                              000                           
0010001300057T 170180230000001544772 29577050111943272   7               00000000000000000007500104044560                         0900000000000010000000000000000000000000000000000000000   000000000000000000000070003        170192957705     
0010001300058U 170000000000000000000000000000000000000000000000000000000000000000000000075000000000000068000000000000000000000000000000000501201706012017            000000000000000                              000                           
0010001300059T 170180230000001544772 29577050124238047   7               00000000000000000010000001014001                         0900000000000010000000000000000000000000000000000000000   000000000000000000000070003        170192957705     
0010001300060U 170000000000000000000000000000000000000000000000000000000000000000000000100000000000000093000000000000000000000000000000000501201706012017            000000000000000                              000                           
0010001300061T 170180230000001544772 29577050134014075   7               00000000000000000007500104020420                         0900000000000010000000000000000000000000000000000000000   000000000000000000000070003        170192957705     
0010001300062U 170000000000000000000000000000000000000000000000000000000000000000000000075000000000000068000000000000000000000000000000000501201706012017            000000000000000                              000                           
0010001300063T 170180230000001544772 29577050143216026   7               00000000000000000010000021001020                         0900000000000010000000000000000000000000000000000000000   000000000000000000000070003        170192957705     
0010001300064U 170000000000000000000000000000000000000000000000000000000000000000000000100000000000000093000000000000000000000000000000000501201706012017            000000000000000                              000                           
0010001300065T 060180230000001544772 29577050145835816   788888888888889906012017000000000010000237031130888888888888899          0900000000000010000000000000000000000000000000000000000   000000000000000000000029000        170192957705     
0010001300066U 060000000000000000000000000000000000000000000000000000000000000000000000100000000000000097100000000000000000000000000000000501201706012017            000000000000000                              000                           
0010001300067T 060180230000001544772 29577050148001650   788888888888889906012017000000000007500021000490888888888888899          0900000000000010000000000000000000000000000000000000000   000000000000000000000029000        170192957705     
0010001300068U 060000000000000000000000000000000000000000000000000000000000000000000000075000000000000072100000000000000000000000000000000501201706012017            000000000000000                              000                           
0010001300069T 060180230000001544772 29577050149328544   788888888888889906012017000000000007500104023100888888888888899          0900000000000010000000000000000000000000000000000000000   000000000000000000000029000        170192957705     
0010001300070U 060000000000000000000000000000000000000000000000000000000000000000000000075000000000000072100000000000000000000000000000000501201706012017            000000000000000                              000                           
0010001300071T 060180230000001544772 29577050150845871   788888888888889906012017000000000007500021002710888888888888899          0900000000000010000000000000000000000000000000000000000   000000000000000000000029000        170192957705     
0010001300072U 060000000000000000000000000000000000000000000000000000000000000000000000075000000000000072100000000000000000000000000000000501201706012017            000000000000000                              000                           
0010001300073T 060180230000001544772 29577050150952224   788888888888889906012017000000000007500021002710888888888888899          0900000000000010000000000000000000000000000000000000000   000000000000000000000029000        170192957705     
0010001300074U 060000000000000000000000000000000000000000000000000000000000000000000000075000000000000072100000000000000000000000000000000501201706012017            000000000000000                              000                           
0010001300075T 060180230000001544772 29577050151024058   788888888888889906012017000000000007500021002710888888888888899          0900000000000010000000000000000000000000000000000000000   000000000000000000000029000        170192957705     
0010001300076U 060000000000000000000000000000000000000000000000000000000000000000000000075000000000000072100000000000000000000000000000000501201706012017            000000000000000                              000                           
0010001300077T 170180230000001544772 29577050157341482   7               00000000000000000007500021001860                         0900000000000010000000000000000000000000000000000000000   000000000000000000000070003        170192957705     
0010001300078U 170000000000000000000000000000000000000000000000000000000000000000000000075000000000000068000000000000000000000000000000000501201706012017            000000000000000                              000                           
0010001300079T 170180230000001544772 29577050161123212   7               00000000000000000007500001014001                         0900000000000010000000000000000000000000000000000000000   000000000000000000000070003        170192957705     
0010001300080U 170000000000000000000000000000000000000000000000000000000000000000000000075000000000000068000000000000000000000000000000000501201706012017            000000000000000                              000                           
0010001300081T 170180230000001544772 29577050161355742   7               00000000000000000007500001000213                         0900000000000010000000000000000000000000000000000000000   000000000000000000000070003        170192957705     
0010001300082U 170000000000000000000000000000000000000000000000000000000000000000000000075000000000000068000000000000000000000000000000000501201706012017            000000000000000                              000                           
0010001300083T 030180230000001544772 29577050157451900   78888888888888990701201700000000000750000100000 888888888888899          0900000000000000000000000000000000000000000000000000000   000000000000000000000000046        170192957705     
0010001300084U 030000000000000000000000000000000000000000000000000000000000000000000000000000000000000000000000000000000000000000000000000501201700000000            000000000000000                              000                           
00100015         000086000621000000000047890000000000000000000000000000000000000000000000000000000000000000000000000000000000000000000000000000000                                                                                              
00199999         000001000088000000                                                                                                                                                            00000000000000000000000000000                    
