00100000         2247745860001000029577050014       0180230000001544772 INSTITUTO DE SELECAO E TECNOLOBANCO DO BRASIL                         21001201701171600004403000000515122941PROCESSAMEN                                                 
00100011T0100020 20247745860001000029577050014       0180230000001544772 INSTITUTO DE SELECAO E TECNOLO                                                                                000000001001201700000000  000000000                      
0010001300001T 020180230000001544772 29577050037112455   788888888888889912012017000000000007500001000213888888888888899          0900000000000010000000000000000000000000000000000000000   0000000000000000000000000A9        170192957705     
0010001300002U 020000000000000000000000000000000000000000000000000000000000000000000000000000000000000000000000000000000000000000000000001001201700000000            000000000000000                              000                           
0010001300003T 020180230000001544772 29577050037218043   788888888888889912012017000000000007500001000213888888888888899          0900000000000010000000000000000000000000000000000000000   0000000000000000000000000A9        170192957705     
0010001300004U 020000000000000000000000000000000000000000000000000000000000000000000000000000000000000000000000000000000000000000000000001001201700000000            000000000000000                              000                           
0010001300005T 020180230000001544772 29577050088144925   788888888888889912012017000000000007500001012416888888888888899          0900000000000010000000000000000000000000000000000000000   0000000000000000000000000A9        170192957705     
0010001300006U 020000000000000000000000000000000000000000000000000000000000000000000000000000000000000000000000000000000000000000000000001001201700000000            000000000000000                              000                           
0010001300007T 020180230000001544772 29577050122143276   788888888888889912012017000000000007500001032085888888888888899          0900000000000010000000000000000000000000000000000000000   0000000000000000000000000A9        170192957705     
0010001300008U 020000000000000000000000000000000000000000000000000000000000000000000000000000000000000000000000000000000000000000000000001001201700000000            000000000000000                              000                           
0010001300009T 020180230000001544772 29577050148000670   788888888888889912012017000000000007500001032085888888888888899          0900000000000010000000000000000000000000000000000000000   0000000000000000000000000A9        170192957705     
0010001300010U 020000000000000000000000000000000000000000000000000000000000000000000000000000000000000000000000000000000000000000000000001001201700000000            000000000000000                              000                           
0010001300011T 020180230000001544772 29577050150020063   788888888888889912012017000000000007500001012408888888888888899          0900000000000010000000000000000000000000000000000000000   0000000000000000000000000A9        170192957705     
0010001300012U 020000000000000000000000000000000000000000000000000000000000000000000000000000000000000000000000000000000000000000000000001001201700000000            000000000000000                              000                           
0010001300013T 020180230000001544772 29577050159230057   788888888888889912012017000000000007500001000213888888888888899          0900000000000010000000000000000000000000000000000000000   0000000000000000000000000A9        170192957705     
0010001300014U 020000000000000000000000000000000000000000000000000000000000000000000000000000000000000000000000000000000000000000000000001001201700000000            000000000000000                              000                           
0010001300015T 020180230000001544772 29577050183556645   78888888888888991201201700000000000750000103049X888888888888899          0900000000000010000000000000000000000000000000000000000   0000000000000000000000000A9        170192957705     
0010001300016U 020000000000000000000000000000000000000000000000000000000000000000000000000000000000000000000000000000000000000000000000001001201700000000            000000000000000                              000                           
0010001300017T 020180230000001544772 29577050184459172   788888888888889912012017000000000007500001012416888888888888899          0900000000000010000000000000000000000000000000000000000   0000000000000000000000000A9        170192957705     
0010001300018U 020000000000000000000000000000000000000000000000000000000000000000000000000000000000000000000000000000000000000000000000001001201700000000            000000000000000                              000                           
0010001300019T 020180230000001544772 29577050188255186   78888888888888991201201700000000000750000103049X888888888888899          0900000000000010000000000000000000000000000000000000000   0000000000000000000000000A9        170192957705     
0010001300020U 020000000000000000000000000000000000000000000000000000000000000000000000000000000000000000000000000000000000000000000000001001201700000000            000000000000000                              000                           
0010001300021T 020180230000001544772 29577050188608747   788888888888889912012017000000000007500001012416888888888888899          0900000000000010000000000000000000000000000000000000000   0000000000000000000000000A9        170192957705     
0010001300022U 020000000000000000000000000000000000000000000000000000000000000000000000000000000000000000000000000000000000000000000000001001201700000000            000000000000000                              000                           
0010001300023T 020180230000001544772 29577050197827625   788888888888889912012017000000000007500001000833888888888888899          0900000000000010000000000000000000000000000000000000000   0000000000000000000000000A9        170192957705     
0010001300024U 020000000000000000000000000000000000000000000000000000000000000000000000000000000000000000000000000000000000000000000000001001201700000000            000000000000000                              000                           
0010001300025T 020180230000001544772 29577050198421874   788888888888889912012017000000000007500001012408888888888888899          0900000000000010000000000000000000000000000000000000000   0000000000000000000000000A9        170192957705     
0010001300026U 020000000000000000000000000000000000000000000000000000000000000000000000000000000000000000000000000000000000000000000000001001201700000000            000000000000000                              000                           
0010001300027T 020180230000001544772 29577050198537361   788888888888889912012017000000000007500001000213888888888888899          0900000000000010000000000000000000000000000000000000000   0000000000000000000000000A9        170192957705     
0010001300028U 020000000000000000000000000000000000000000000000000000000000000000000000000000000000000000000000000000000000000000000000001001201700000000            000000000000000                              000                           
0010001300029T 020180230000001544772 29577050198616075   78888888888888991201201700000000000750000103049X888888888888899          0900000000000010000000000000000000000000000000000000000   0000000000000000000000000A9        170192957705     
0010001300030U 020000000000000000000000000000000000000000000000000000000000000000000000000000000000000000000000000000000000000000000000001001201700000000            000000000000000                              000                           
0010001300031T 020180230000001544772 29577050198934772   788888888888889912012017000000000007500001012416888888888888899          0900000000000010000000000000000000000000000000000000000   0000000000000000000000000A9        170192957705     
0010001300032U 020000000000000000000000000000000000000000000000000000000000000000000000000000000000000000000000000000000000000000000000001001201700000000            000000000000000                              000                           
0010001300033T 020180230000001544772 29577050199035707   788888888888889912012017000000000007500001012416888888888888899          0900000000000010000000000000000000000000000000000000000   0000000000000000000000000A9        170192957705     
0010001300034U 020000000000000000000000000000000000000000000000000000000000000000000000000000000000000000000000000000000000000000000000001001201700000000            000000000000000                              000                           
0010001300035T 020180230000001544772 29577050199119346   78888888888888991201201700000000000750000100829X888888888888899          0900000000000010000000000000000000000000000000000000000   0000000000000000000000000A9        170192957705     
0010001300036U 020000000000000000000000000000000000000000000000000000000000000000000000000000000000000000000000000000000000000000000000001001201700000000            000000000000000                              000                           
0010001300037T 020180230000001544772 29577050199258600   78888888888888991201201700000000000750000103049X888888888888899          0900000000000010000000000000000000000000000000000000000   0000000000000000000000000A9        170192957705     
0010001300038U 020000000000000000000000000000000000000000000000000000000000000000000000000000000000000000000000000000000000000000000000001001201700000000            000000000000000                              000                           
0010001300039T 020180230000001544772 29577050199330060   788888888888889912012017000000000010000001000213888888888888899          0900000000000010000000000000000000000000000000000000000   0000000000000000000000000A9        170192957705     
0010001300040U 020000000000000000000000000000000000000000000000000000000000000000000000000000000000000000000000000000000000000000000000001001201700000000            000000000000000                              000                           
0010001300041T 020180230000001544772 29577050199401367   788888888888889912012017000000000007500001000213888888888888899          0900000000000010500000000000000000000000000000000000000   0000000000000000000000000A9A4      170192957705     
0010001300042U 020000000000000000000000000000000000000000000000000000000000000000000000000000000000000000000000000000000000000000000000001001201700000000            000000000000000                              000                           
0010001300043T 020180230000001544772 29577050199408256   788888888888889912012017000000000007500001000213888888888888899          0900000000000010500000000000000000000000000000000000000   0000000000000000000000000A9A4      170192957705     
0010001300044U 020000000000000000000000000000000000000000000000000000000000000000000000000000000000000000000000000000000000000000000000001001201700000000            000000000000000                              000                           
0010001300045T 020180230000001544772 29577050199620170   788888888888889912012017000000000007500001046280888888888888899          0900000000000010000000000000000000000000000000000000000   0000000000000000000000000A9        170192957705     
0010001300046U 020000000000000000000000000000000000000000000000000000000000000000000000000000000000000000000000000000000000000000000000001001201700000000            000000000000000                              000                           
0010001300047T 020180230000001544772 29577050199719832   788888888888889912012017000000000007500001009245888888888888899          0900000000000010000000000000000000000000000000000000000   0000000000000000000000000A9        170192957705     
0010001300048U 020000000000000000000000000000000000000000000000000000000000000000000000000000000000000000000000000000000000000000000000001001201700000000            000000000000000                              000                           
0010001300049T 020180230000001544772 29577050199843981   78888888888888991201201700000000000750000103049X888888888888899          0900000000000010000000000000000000000000000000000000000   0000000000000000000000000A9        170192957705     
0010001300050U 020000000000000000000000000000000000000000000000000000000000000000000000000000000000000000000000000000000000000000000000001001201700000000            000000000000000                              000                           
0010001300051T 020180230000001544772 29577050199942359   788888888888889912012017000000000007500001000213888888888888899          0900000000000010000000000000000000000000000000000000000   0000000000000000000000000A9        170192957705     
0010001300052U 020000000000000000000000000000000000000000000000000000000000000000000000000000000000000000000000000000000000000000000000001001201700000000            000000000000000                              000                           
0010001300053T 020180230000001544772 29577050200216505   788888888888889912012017000000000007500001012408888888888888899          0900000000000010000000000000000000000000000000000000000   0000000000000000000000000A9        170192957705     
0010001300054U 020000000000000000000000000000000000000000000000000000000000000000000000000000000000000000000000000000000000000000000000001001201700000000            000000000000000                              000                           
0010001300055T 020180230000001544772 29577050200220310   788888888888889912012017000000000007500001012408888888888888899          0900000000000010000000000000000000000000000000000000000   0000000000000000000000000A9        170192957705     
0010001300056U 020000000000000000000000000000000000000000000000000000000000000000000000000000000000000000000000000000000000000000000000001001201700000000            000000000000000                              000                           
0010001300057T 020180230000001544772 29577050200234051   788888888888889912012017000000000007500001012408888888888888899          0900000000000010000000000000000000000000000000000000000   0000000000000000000000000A9        170192957705     
0010001300058U 020000000000000000000000000000000000000000000000000000000000000000000000000000000000000000000000000000000000000000000000001001201700000000            000000000000000                              000                           
0010001300059T 020180230000001544772 29577050200244615   788888888888889912012017000000000007500001012408888888888888899          0900000000000010000000000000000000000000000000000000000   0000000000000000000000000A9        170192957705     
0010001300060U 020000000000000000000000000000000000000000000000000000000000000000000000000000000000000000000000000000000000000000000000001001201700000000            000000000000000                              000                           
0010001300061T 020180230000001544772 29577050200410733   788888888888889912012017000000000007500001001120888888888888899          0900000000000010000000000000000000000000000000000000000   0000000000000000000000000A9        170192957705     
0010001300062U 020000000000000000000000000000000000000000000000000000000000000000000000000000000000000000000000000000000000000000000000001001201700000000            000000000000000                              000                           
0010001300063T 020180230000001544772 29577050200606429   788888888888889912012017000000000007500001014389888888888888899          0900000000000010000000000000000000000000000000000000000   0000000000000000000000000A9        170192957705     
0010001300064U 020000000000000000000000000000000000000000000000000000000000000000000000000000000000000000000000000000000000000000000000001001201700000000            000000000000000                              000                           
0010001300065T 020180230000001544772 29577050200716838   788888888888889912012017000000000007500001007854888888888888899          0900000000000010500000000000000000000000000000000000000   0000000000000000000000000A9A4      170192957705     
0010001300066U 020000000000000000000000000000000000000000000000000000000000000000000000000000000000000000000000000000000000000000000000001001201700000000            000000000000000                              000                           
0010001300067T 020180230000001544772 29577050200855127   78888888888888991201201700000000000750000103049X888888888888899          0900000000000010000000000000000000000000000000000000000   0000000000000000000000000A9        170192957705     
0010001300068U 020000000000000000000000000000000000000000000000000000000000000000000000000000000000000000000000000000000000000000000000001001201700000000            000000000000000                              000                           
0010001300069T 020180230000001544772 29577050200901587   78888888888888991201201700000000001000000103049X888888888888899          0900000000000010000000000000000000000000000000000000000   0000000000000000000000000A9        170192957705     
0010001300070U 020000000000000000000000000000000000000000000000000000000000000000000000000000000000000000000000000000000000000000000000001001201700000000            000000000000000                              000                           
0010001300071T 020180230000001544772 29577050200959879   78888888888888991201201700000000001000000103049X888888888888899          0900000000000010000000000000000000000000000000000000000   0000000000000000000000000A9        170192957705     
0010001300072U 020000000000000000000000000000000000000000000000000000000000000000000000000000000000000000000000000000000000000000000000001001201700000000            000000000000000                              000                           
0010001300073T 020180230000001544772 29577050201054523   788888888888889912012017000000000007500001000213888888888888899          0900000000000010000000000000000000000000000000000000000   0000000000000000000000000A9        170192957705     
0010001300074U 020000000000000000000000000000000000000000000000000000000000000000000000000000000000000000000000000000000000000000000000001001201700000000            000000000000000                              000                           
0010001300075T 020180230000001544772 29577050201116363   788888888888889912012017000000000007500001012416888888888888899          0900000000000010000000000000000000000000000000000000000   0000000000000000000000000A9        170192957705     
0010001300076U 020000000000000000000000000000000000000000000000000000000000000000000000000000000000000000000000000000000000000000000000001001201700000000            000000000000000                              000                           
0010001300077T 020180230000001544772 29577050201347697   78888888888888991201201700000000000750000103049X888888888888899          0900000000000010000000000000000000000000000000000000000   0000000000000000000000000A9        170192957705     
0010001300078U 020000000000000000000000000000000000000000000000000000000000000000000000000000000000000000000000000000000000000000000000001001201700000000            000000000000000                              000                           
0010001300079T 020180230000001544772 29577050201412319   788888888888889912012017000000000007500001012408888888888888899          0900000000000010000000000000000000000000000000000000000   0000000000000000000000000A9        170192957705     
0010001300080U 020000000000000000000000000000000000000000000000000000000000000000000000000000000000000000000000000000000000000000000000001001201700000000            000000000000000                              000                           
0010001300081T 020180230000001544772 29577050201512819   788888888888889912012017000000000007500001000213888888888888899          0900000000000010000000000000000000000000000000000000000   0000000000000000000000000A9        170192957705     
0010001300082U 020000000000000000000000000000000000000000000000000000000000000000000000000000000000000000000000000000000000000000000000001001201700000000            000000000000000                              000                           
0010001300083T 020180230000001544772 29577050201612438   788888888888889912012017000000000007500001000213888888888888899          0900000000000010000000000000000000000000000000000000000   0000000000000000000000000A9        170192957705     
0010001300084U 020000000000000000000000000000000000000000000000000000000000000000000000000000000000000000000000000000000000000000000000001001201700000000            000000000000000                              000                           
0010001300085T 020180230000001544772 29577050201722916   78888888888888991201201700000000000750000103049X888888888888899          0900000000000010000000000000000000000000000000000000000   0000000000000000000000000A9        170192957705     
0010001300086U 020000000000000000000000000000000000000000000000000000000000000000000000000000000000000000000000000000000000000000000000001001201700000000            000000000000000                              000                           
0010001300087T 020180230000001544772 29577050201818830   788888888888889912012017000000000007500001000213888888888888899          0900000000000010000000000000000000000000000000000000000   0000000000000000000000000A9        170192957705     
0010001300088U 020000000000000000000000000000000000000000000000000000000000000000000000000000000000000000000000000000000000000000000000001001201700000000            000000000000000                              000                           
0010001300089T 020180230000001544772 29577050201936745   788888888888889912012017000000000007500001012408888888888888899          0900000000000010000000000000000000000000000000000000000   0000000000000000000000000A9        170192957705     
0010001300090U 020000000000000000000000000000000000000000000000000000000000000000000000000000000000000000000000000000000000000000000000001001201700000000            000000000000000                              000                           
0010001300091T 020180230000001544772 29577050202011844   788888888888889912012017000000000007500001000213888888888888899          0900000000000010000000000000000000000000000000000000000   0000000000000000000000000A9        170192957705     
0010001300092U 020000000000000000000000000000000000000000000000000000000000000000000000000000000000000000000000000000000000000000000000001001201700000000            000000000000000                              000                           
0010001300093T 020180230000001544772 29577050202109825   788888888888889912012017000000000007500001012408888888888888899          0900000000000010000000000000000000000000000000000000000   0000000000000000000000000A9        170192957705     
0010001300094U 020000000000000000000000000000000000000000000000000000000000000000000000000000000000000000000000000000000000000000000000001001201700000000            000000000000000                              000                           
0010001300095T 020180230000001544772 29577050202201892   788888888888889912012017000000000007500001000213888888888888899          0900000000000010000000000000000000000000000000000000000   0000000000000000000000000A9        170192957705     
0010001300096U 020000000000000000000000000000000000000000000000000000000000000000000000000000000000000000000000000000000000000000000000001001201700000000            000000000000000                              000                           
0010001300097T 020180230000001544772 29577050202359774   788888888888889912012017000000000007500001000833888888888888899          0900000000000010000000000000000000000000000000000000000   0000000000000000000000000A9        170192957705     
0010001300098U 020000000000000000000000000000000000000000000000000000000000000000000000000000000000000000000000000000000000000000000000001001201700000000            000000000000000                              000                           
0010001300099T 020180230000001544772 29577050202401874   788888888888889912012017000000000007500001000213888888888888899          0900000000000010000000000000000000000000000000000000000   0000000000000000000000000A9        170192957705     
0010001300100U 020000000000000000000000000000000000000000000000000000000000000000000000000000000000000000000000000000000000000000000000001001201700000000            000000000000000                              000                           
0010001300101T 020180230000001544772 29577050202531230   788888888888889912012017000000000007500001007854888888888888899          0900000000000010000000000000000000000000000000000000000   0000000000000000000000000A9        170192957705     
0010001300102U 020000000000000000000000000000000000000000000000000000000000000000000000000000000000000000000000000000000000000000000000001001201700000000            000000000000000                              000                           
0010001300103T 020180230000001544772 29577050202653585   788888888888889912012017000000000007500001000213888888888888899          0900000000000010000000000000000000000000000000000000000   0000000000000000000000000A9        170192957705     
0010001300104U 020000000000000000000000000000000000000000000000000000000000000000000000000000000000000000000000000000000000000000000000001001201700000000            000000000000000                              000                           
0010001300105T 020180230000001544772 29577050202745258   788888888888889912012017000000000007500001000213888888888888899          0900000000000010000000000000000000000000000000000000000   0000000000000000000000000A9        170192957705     
0010001300106U 020000000000000000000000000000000000000000000000000000000000000000000000000000000000000000000000000000000000000000000000001001201700000000            000000000000000                              000                           
0010001300107T 020180230000001544772 29577050202806387   78888888888888991201201700000000000750000103049X888888888888899          0900000000000010000000000000000000000000000000000000000   0000000000000000000000000A9        170192957705     
0010001300108U 020000000000000000000000000000000000000000000000000000000000000000000000000000000000000000000000000000000000000000000000001001201700000000            000000000000000                              000                           
0010001300109T 020180230000001544772 29577050202947379   78888888888888991201201700000000000750000103049X888888888888899          0900000000000010000000000000000000000000000000000000000   0000000000000000000000000A9        170192957705     
0010001300110U 020000000000000000000000000000000000000000000000000000000000000000000000000000000000000000000000000000000000000000000000001001201700000000            000000000000000                              000                           
0010001300111T 020180230000001544772 29577050203021787   788888888888889912012017000000000007500001012416888888888888899          0900000000000010000000000000000000000000000000000000000   0000000000000000000000000A9        170192957705     
0010001300112U 020000000000000000000000000000000000000000000000000000000000000000000000000000000000000000000000000000000000000000000000001001201700000000            000000000000000                              000                           
0010001300113T 020180230000001544772 29577050203125639   788888888888889912012017000000000007500001000213888888888888899          0900000000000010000000000000000000000000000000000000000   0000000000000000000000000A9        170192957705     
0010001300114U 020000000000000000000000000000000000000000000000000000000000000000000000000000000000000000000000000000000000000000000000001001201700000000            000000000000000                              000                           
0010001300115T 020180230000001544772 29577050203245555   78888888888888991201201700000000000750000103049X888888888888899          0900000000000010000000000000000000000000000000000000000   0000000000000000000000000A9        170192957705     
0010001300116U 020000000000000000000000000000000000000000000000000000000000000000000000000000000000000000000000000000000000000000000000001001201700000000            000000000000000                              000                           
0010001300117T 020180230000001544772 29577050203300993   788888888888889912012017000000000010000001000213888888888888899          0900000000000010000000000000000000000000000000000000000   0000000000000000000000000A9        170192957705     
0010001300118U 020000000000000000000000000000000000000000000000000000000000000000000000000000000000000000000000000000000000000000000000001001201700000000            000000000000000                              000                           
0010001300119T 020180230000001544772 29577050203423407   788888888888889912012017000000000007500001000051888888888888899          0900000000000010500000000000000000000000000000000000000   0000000000000000000000000A9A4      170192957705     
0010001300120U 020000000000000000000000000000000000000000000000000000000000000000000000000000000000000000000000000000000000000000000000001001201700000000            000000000000000                              000                           
0010001300121T 020180230000001544772 29577050203532651   788888888888889912012017000000000007500001012416888888888888899          0900000000000010000000000000000000000000000000000000000   0000000000000000000000000A9        170192957705     
0010001300122U 020000000000000000000000000000000000000000000000000000000000000000000000000000000000000000000000000000000000000000000000001001201700000000            000000000000000                              000                           
0010001300123T 020180230000001544772 29577050203737714   788888888888889912012017000000000007500001012408888888888888899          0900000000000010000000000000000000000000000000000000000   0000000000000000000000000A9        170192957705     
0010001300124U 020000000000000000000000000000000000000000000000000000000000000000000000000000000000000000000000000000000000000000000000001001201700000000            000000000000000                              000                           
0010001300125T 020180230000001544772 29577050203800234   788888888888889912012017000000000007500001012408888888888888899          0900000000000010000000000000000000000000000000000000000   0000000000000000000000000A9        170192957705     
0010001300126U 020000000000000000000000000000000000000000000000000000000000000000000000000000000000000000000000000000000000000000000000001001201700000000            000000000000000                              000                           
0010001300127T 020180230000001544772 29577050203858054   788888888888889912012017000000000007500001012408888888888888899          0900000000000010000000000000000000000000000000000000000   0000000000000000000000000A9        170192957705     
0010001300128U 020000000000000000000000000000000000000000000000000000000000000000000000000000000000000000000000000000000000000000000000001001201700000000            000000000000000                              000                           
0010001300129T 020180230000001544772 29577050203953171   788888888888889912012017000000000007500001012416888888888888899          0900000000000010000000000000000000000000000000000000000   0000000000000000000000000A9        170192957705     
0010001300130U 020000000000000000000000000000000000000000000000000000000000000000000000000000000000000000000000000000000000000000000000001001201700000000            000000000000000                              000                           
0010001300131T 020180230000001544772 29577050204005656   788888888888889912012017000000000007500001000833888888888888899          0900000000000010000000000000000000000000000000000000000   0000000000000000000000000A9        170192957705     
0010001300132U 020000000000000000000000000000000000000000000000000000000000000000000000000000000000000000000000000000000000000000000000001001201700000000            000000000000000                              000                           
0010001300133T 020180230000001544772 29577050204147330   78888888888888991201201700000000000750000103049X888888888888899          0900000000000010000000000000000000000000000000000000000   0000000000000000000000000A9        170192957705     
0010001300134U 020000000000000000000000000000000000000000000000000000000000000000000000000000000000000000000000000000000000000000000000001001201700000000            000000000000000                              000                           
0010001300135T 020180230000001544772 29577050204238687   788888888888889912012017000000000007500001000833888888888888899          0900000000000010000000000000000000000000000000000000000   0000000000000000000000000A9        170192957705     
0010001300136U 020000000000000000000000000000000000000000000000000000000000000000000000000000000000000000000000000000000000000000000000001001201700000000            000000000000000                              000                           
0010001300137T 020180230000001544772 29577050204254439   788888888888889912012017000000000007500001000833888888888888899          0900000000000010000000000000000000000000000000000000000   0000000000000000000000000A9        170192957705     
0010001300138U 020000000000000000000000000000000000000000000000000000000000000000000000000000000000000000000000000000000000000000000000001001201700000000            000000000000000                              000                           
0010001300139T 020180230000001544772 29577050204330688   78888888888888991201201700000000000750000103049X888888888888899          0900000000000010000000000000000000000000000000000000000   0000000000000000000000000A9        170192957705     
0010001300140U 020000000000000000000000000000000000000000000000000000000000000000000000000000000000000000000000000000000000000000000000001001201700000000            000000000000000                              000                           
0010001300141T 020180230000001544772 29577050204425596   78888888888888991201201700000000000750000103049X888888888888899          0900000000000010000000000000000000000000000000000000000   0000000000000000000000000A9        170192957705     
0010001300142U 020000000000000000000000000000000000000000000000000000000000000000000000000000000000000000000000000000000000000000000000001001201700000000            000000000000000                              000                           
0010001300143T 020180230000001544772 29577050204659227   78888888888888991201201700000000000750000103049X888888888888899          0900000000000010000000000000000000000000000000000000000   0000000000000000000000000A9        170192957705     
0010001300144U 020000000000000000000000000000000000000000000000000000000000000000000000000000000000000000000000000000000000000000000000001001201700000000            000000000000000                              000                           
0010001300145T 020180230000001544772 29577050204708605   788888888888889912012017000000000007500001012416888888888888899          0900000000000010000000000000000000000000000000000000000   0000000000000000000000000A9        170192957705     
0010001300146U 020000000000000000000000000000000000000000000000000000000000000000000000000000000000000000000000000000000000000000000000001001201700000000            000000000000000                              000                           
0010001300147T 020180230000001544772 29577050204842024   78888888888888991201201700000000000750000103049X888888888888899          0900000000000010000000000000000000000000000000000000000   0000000000000000000000000A9        170192957705     
0010001300148U 020000000000000000000000000000000000000000000000000000000000000000000000000000000000000000000000000000000000000000000000001001201700000000            000000000000000                              000                           
0010001300149T 020180230000001544772 29577050204907738   788888888888889912012017000000000007500001046280888888888888899          0900000000000010000000000000000000000000000000000000000   0000000000000000000000000A9        170192957705     
0010001300150U 020000000000000000000000000000000000000000000000000000000000000000000000000000000000000000000000000000000000000000000000001001201700000000            000000000000000                              000                           
0010001300151T 020180230000001544772 29577050205050887   788888888888889912012017000000000007500001012416888888888888899          0900000000000010000000000000000000000000000000000000000   0000000000000000000000000A9        170192957705     
0010001300152U 020000000000000000000000000000000000000000000000000000000000000000000000000000000000000000000000000000000000000000000000001001201700000000            000000000000000                              000                           
0010001300153T 020180230000001544772 29577050205143860   788888888888889912012017000000000007500001012408888888888888899          0900000000000010000000000000000000000000000000000000000   0000000000000000000000000A9        170192957705     
0010001300154U 020000000000000000000000000000000000000000000000000000000000000000000000000000000000000000000000000000000000000000000000001001201700000000            000000000000000                              000                           
0010001300155T 020180230000001544772 29577050205215569   788888888888889912012017000000000007500001000833888888888888899          0900000000000010000000000000000000000000000000000000000   0000000000000000000000000A9        170192957705     
0010001300156U 020000000000000000000000000000000000000000000000000000000000000000000000000000000000000000000000000000000000000000000000001001201700000000            000000000000000                              000                           
0010001300157T 020180230000001544772 29577050205323481   788888888888889912012017000000000007500001000213888888888888899          0900000000000010000000000000000000000000000000000000000   0000000000000000000000000A9        170192957705     
0010001300158U 020000000000000000000000000000000000000000000000000000000000000000000000000000000000000000000000000000000000000000000000001001201700000000            000000000000000                              000                           
0010001300159T 170180230000001544772 29577050033052076   7               00000000000000000007500001031933                         0900000000000010000000000000000000000000000000000000000   000000000000000000000070003        170192957705     
0010001300160U 170000000000000000000000000000000000000000000000000000000000000000000000075000000000000068000000000000000000000000000000001001201711012017            000000000000000                              000                           
0010001300161T 170180230000001544772 29577050089911961   7               00000000000000000007500756030070                         0900000000000010000000000000000000000000000000000000000   000000000000000000000070003        170192957705     
0010001300162U 170000000000000000000000000000000000000000000000000000000000000000000000075000000000000068000000000000000000000000000000001001201711012017            000000000000000                              000                           
0010001300163T 170180230000001544772 29577050130915223   7               00000000000000000007500341008700                         0900000000000010000000000000000000000000000000000000000   000000000000000000000070003        170192957705     
0010001300164U 170000000000000000000000000000000000000000000000000000000000000000000000075000000000000068000000000000000000000000000000001001201711012017            000000000000000                              000                           
0010001300165T 170180230000001544772 29577050161654922   7               00000000000000000010000104015400                         0900000000000010000000000000000000000000000000000000000   000000000000000000000070003        170192957705     
0010001300166U 170000000000000000000000000000000000000000000000000000000000000000000000100000000000000093000000000000000000000000000000001001201711012017            000000000000000                              000                           
0010001300167T 170180230000001544772 29577050167511894   7               00000000000000000007500237038160                         0900000000000010000000000000000000000000000000000000000   000000000000000000000070003        170192957705     
0010001300168U 170000000000000000000000000000000000000000000000000000000000000000000000075000000000000068000000000000000000000000000000001001201711012017            000000000000000                              000                           
0010001300169T 170180230000001544772 29577050171700913   7               00000000000000000007500021001130                         0900000000000010000000000000000000000000000000000000000   000000000000000000000070003        170192957705     
0010001300170U 170000000000000000000000000000000000000000000000000000000000000000000000075000000000000068000000000000000000000000000000001001201711012017            000000000000000                              000                           
0010001300171T 170180230000001544772 29577050173017571   7               00000000000000000007500001030848                         0900000000000010000000000000000000000000000000000000000   000000000000000000000070003        170192957705     
0010001300172U 170000000000000000000000000000000000000000000000000000000000000000000000075000000000000068000000000000000000000000000000001001201711012017            000000000000000                              000                           
0010001300173T 170180230000001544772 29577050175659480   7               00000000000000000007500104034890                         0900000000000010000000000000000000000000000000000000000   000000000000000000000070003        170192957705     
0010001300174U 170000000000000000000000000000000000000000000000000000000000000000000000075000000000000068000000000000000000000000000000001001201711012017            000000000000000                              000                           
0010001300175T 060180230000001544772 29577050176819807   788888888888889911012017000000000007500021000900888888888888899          0900000000000010000000000000000000000000000000000000000   000000000000000000000029000        170192957705     
0010001300176U 060000000000000000000000000000000000000000000000000000000000000000000000075000000000000072100000000000000000000000000000001001201711012017            000000000000000                              000                           
0010001300177T 170180230000001544772 29577050180211399   7               00000000000000000010000756030070                         0900000000000010000000000000000000000000000000000000000   000000000000000000000070003        170192957705     
0010001300178U 170000000000000000000000000000000000000000000000000000000000000000000000100000000000000093000000000000000000000000000000001001201711012017            000000000000000                              000                           
0010001300179T 060180230000001544772 29577050184459172   788888888888889912012017000000000007500104005900888888888888899          0900000000000010000000000000000000000000000000000000000   000000000000000000000029000        170192957705     
0010001300180U 060000000000000000000000000000000000000000000000000000000000000000000000075000000000000072100000000000000000000000000000001001201711012017            000000000000000                              000                           
0010001300181T 060180230000001544772 29577050188255186   788888888888889912012017000000000007500021002680888888888888899          0900000000000010000000000000000000000000000000000000000   000000000000000000000029000        170192957705     
0010001300182U 060000000000000000000000000000000000000000000000000000000000000000000000075000000000000072100000000000000000000000000000001001201711012017            000000000000000                              000                           
0010001300183T 170180230000001544772 29577050189321984   7               00000000000000000007500021000360                         0900000000000010000000000000000000000000000000000000000   000000000000000000000070003        170192957705     
0010001300184U 170000000000000000000000000000000000000000000000000000000000000000000000075000000000000068000000000000000000000000000000001001201711012017            000000000000000                              000                           
0010001300185T 170180230000001544772 29577050193533199   7               00000000000000000007500021000590                         0900000000000010000000000000000000000000000000000000000   000000000000000000000070003        170192957705     
0010001300186U 170000000000000000000000000000000000000000000000000000000000000000000000075000000000000068000000000000000000000000000000001001201711012017            000000000000000                              000                           
0010001300187T 170180230000001544772 29577050196756717   7               00000000000000000007500104015390                         0900000000000010000000000000000000000000000000000000000   000000000000000000000070003        170192957705     
0010001300188U 170000000000000000000000000000000000000000000000000000000000000000000000075000000000000068000000000000000000000000000000001001201711012017            000000000000000                              000                           
0010001300189T 060180230000001544772 29577050204842024   788888888888889912012017000000000007500104031390888888888888899          0900000000000010000000000000000000000000000000000000000   000000000000000000000029000        170192957705     
0010001300190U 060000000000000000000000000000000000000000000000000000000000000000000000075000000000000072100000000000000000000000000000001001201711012017            000000000000000                              000                           
0010001300191T 170180230000001544772 29577050206727187   7               00000000000000000007500001000833                         0900000000000010000000000000000000000000000000000000000   000000000000000000000070003        170192957705     
0010001300192U 170000000000000000000000000000000000000000000000000000000000000000000000075000000000000068000000000000000000000000000000001001201711012017            000000000000000                              000                           
0010001300193T 170180230000001544772 29577050207300464   7               00000000000000000007500341078640                         0900000000000010000000000000000000000000000000000000000   000000000000000000000070003        170192957705     
0010001300194U 170000000000000000000000000000000000000000000000000000000000000000000000075000000000000068000000000000000000000000000000001001201711012017            000000000000000                              000                           
0010001300195T 170180230000001544772 29577050207638220   7               00000000000000000007500104037790                         0900000000000010000000000000000000000000000000000000000   000000000000000000000070003        170192957705     
0010001300196U 170000000000000000000000000000000000000000000000000000000000000000000000075000000000000068000000000000000000000000000000001001201711012017            000000000000000                              000                           
0010001300197T 170180230000001544772 29577050210425514   7               00000000000000000007500001018023                         0900000000000010000000000000000000000000000000000000000   000000000000000000000070003        170192957705     
0010001300198U 170000000000000000000000000000000000000000000000000000000000000000000000075000000000000068000000000000000000000000000000001001201711012017            000000000000000                              000                           
0010001300199T 030180230000001544772 29577050200009348   78888888888888991201201700000000001000000100000 888888888888899          0900000000000000000000000000000000000000000000000000000   000000000000000000000000046        170192957705     
0010001300200U 030000000000000000000000000000000000000000000000000000000000000000000000000000000000000000000000000000000000000000000000001001201700000000            000000000000000                              000                           
00100015         000202000789000000000060665000000000000000000000000000000000000000000000000000000000000000000000000000000000000000000000000000000                                                                                              
00199999         000001000204000000                                                                                                                                                            00000000000000000000000000000                    
