00100000         2247745860001000029577050014       0180230000001544772 INSTITUTO DE SELECAO E TECNOLOBANCO DO BRASIL                         21101201701404900004603000000515122941PROCESSAMEN                                                 
00100011T0100020 20247745860001000029577050014       0180230000001544772 INSTITUTO DE SELECAO E TECNOLO                                                                                000000001101201700000000  000000000                      
0010001300001T 020180230000001544772 29577050012337247   788888888888889913012017000000000007500001046280888888888888899          0900000000000010000000000000000000000000000000000000000   0000000000000000000000000A9        170192957705     
0010001300002U 020000000000000000000000000000000000000000000000000000000000000000000000000000000000000000000000000000000000000000000000001101201700000000            000000000000000                              000                           
0010001300003T 020180230000001544772 29577050020418206   788888888888889913012017000000000007500001000213888888888888899          0900000000000010000000000000000000000000000000000000000   0000000000000000000000000A9        170192957705     
0010001300004U 020000000000000000000000000000000000000000000000000000000000000000000000000000000000000000000000000000000000000000000000001101201700000000            000000000000000                              000                           
0010001300005T 020180230000001544772 29577050020433689   788888888888889913012017000000000007500001000213888888888888899          0900000000000010000000000000000000000000000000000000000   0000000000000000000000000A9        170192957705     
0010001300006U 020000000000000000000000000000000000000000000000000000000000000000000000000000000000000000000000000000000000000000000000001101201700000000            000000000000000                              000                           
0010001300007T 020180230000001544772 29577050027707266   78888888888888991301201700000000000750000103049X888888888888899          0900000000000010000000000000000000000000000000000000000   0000000000000000000000000A9        170192957705     
0010001300008U 020000000000000000000000000000000000000000000000000000000000000000000000000000000000000000000000000000000000000000000000001101201700000000            000000000000000                              000                           
0010001300009T 020180230000001544772 29577050027734190   78888888888888991301201700000000000750000103049X888888888888899          0900000000000010000000000000000000000000000000000000000   0000000000000000000000000A9        170192957705     
0010001300010U 020000000000000000000000000000000000000000000000000000000000000000000000000000000000000000000000000000000000000000000000001101201700000000            000000000000000                              000                           
0010001300011T 020180230000001544772 29577050165708568   788888888888889913012017000000000007500001000213888888888888899          0900000000000010000000000000000000000000000000000000000   0000000000000000000000000A9        170192957705     
0010001300012U 020000000000000000000000000000000000000000000000000000000000000000000000000000000000000000000000000000000000000000000000001101201700000000            000000000000000                              000                           
0010001300013T 020180230000001544772 29577050198952201   788888888888889913012017000000000007500001012416888888888888899          0900000000000010000000000000000000000000000000000000000   0000000000000000000000000A9        170192957705     
0010001300014U 020000000000000000000000000000000000000000000000000000000000000000000000000000000000000000000000000000000000000000000000001101201700000000            000000000000000                              000                           
0010001300015T 020180230000001544772 29577050210027030   788888888888889913012017000000000007500001012408888888888888899          0900000000000010000000000000000000000000000000000000000   0000000000000000000000000A9        170192957705     
0010001300016U 020000000000000000000000000000000000000000000000000000000000000000000000000000000000000000000000000000000000000000000000001101201700000000            000000000000000                              000                           
0010001300017T 020180230000001544772 29577050210037485   788888888888889913012017000000000007500001012408888888888888899          0900000000000010000000000000000000000000000000000000000   0000000000000000000000000A9        170192957705     
0010001300018U 020000000000000000000000000000000000000000000000000000000000000000000000000000000000000000000000000000000000000000000000001101201700000000            000000000000000                              000                           
0010001300019T 020180230000001544772 29577050210111734   788888888888889913012017000000000007500001004782888888888888899          0900000000000010500000000000000000000000000000000000000   0000000000000000000000000A9A4      170192957705     
0010001300020U 020000000000000000000000000000000000000000000000000000000000000000000000000000000000000000000000000000000000000000000000001101201700000000            000000000000000                              000                           
0010001300021T 020180230000001544772 29577050210510840   78888888888888991301201700000000000750000103049X888888888888899          0900000000000010000000000000000000000000000000000000000   0000000000000000000000000A9        170192957705     
0010001300022U 020000000000000000000000000000000000000000000000000000000000000000000000000000000000000000000000000000000000000000000000001101201700000000            000000000000000                              000                           
0010001300023T 020180230000001544772 29577050210659054   788888888888889913012017000000000007500001012416888888888888899          0900000000000010000000000000000000000000000000000000000   0000000000000000000000000A9        170192957705     
0010001300024U 020000000000000000000000000000000000000000000000000000000000000000000000000000000000000000000000000000000000000000000000001101201700000000            000000000000000                              000                           
0010001300025T 020180230000001544772 29577050210812741   78888888888888991301201700000000000750000103049X888888888888899          0900000000000010000000000000000000000000000000000000000   0000000000000000000000000A9        170192957705     
0010001300026U 020000000000000000000000000000000000000000000000000000000000000000000000000000000000000000000000000000000000000000000000001101201700000000            000000000000000                              000                           
0010001300027T 020180230000001544772 29577050210956315   788888888888889913012017000000000007500001004782888888888888899          0900000000000010000000000000000000000000000000000000000   0000000000000000000000000A9        170192957705     
0010001300028U 020000000000000000000000000000000000000000000000000000000000000000000000000000000000000000000000000000000000000000000000001101201700000000            000000000000000                              000                           
0010001300029T 020180230000001544772 29577050211022268   78888888888888991301201700000000000750000103049X888888888888899          0900000000000010000000000000000000000000000000000000000   0000000000000000000000000A9        170192957705     
0010001300030U 020000000000000000000000000000000000000000000000000000000000000000000000000000000000000000000000000000000000000000000000001101201700000000            000000000000000                              000                           
0010001300031T 020180230000001544772 29577050211137065   788888888888889913012017000000000007500001012416888888888888899          0900000000000010000000000000000000000000000000000000000   0000000000000000000000000A9        170192957705     
0010001300032U 020000000000000000000000000000000000000000000000000000000000000000000000000000000000000000000000000000000000000000000000001101201700000000            000000000000000                              000                           
0010001300033T 020180230000001544772 29577050211210566   788888888888889913012017000000000007500001012408888888888888899          0900000000000010000000000000000000000000000000000000000   0000000000000000000000000A9        170192957705     
0010001300034U 020000000000000000000000000000000000000000000000000000000000000000000000000000000000000000000000000000000000000000000000001101201700000000            000000000000000                              000                           
0010001300035T 020180230000001544772 29577050211336655   788888888888889913012017000000000007500001012408888888888888899          0900000000000010000000000000000000000000000000000000000   0000000000000000000000000A9        170192957705     
0010001300036U 020000000000000000000000000000000000000000000000000000000000000000000000000000000000000000000000000000000000000000000000001101201700000000            000000000000000                              000                           
0010001300037T 020180230000001544772 29577050211410155   78888888888888991301201700000000000750000103049X888888888888899          0900000000000010000000000000000000000000000000000000000   0000000000000000000000000A9        170192957705     
0010001300038U 020000000000000000000000000000000000000000000000000000000000000000000000000000000000000000000000000000000000000000000000001101201700000000            000000000000000                              000                           
0010001300039T 020180230000001544772 29577050211604513   788888888888889913012017000000000007500001000213888888888888899          0900000000000010000000000000000000000000000000000000000   0000000000000000000000000A9        170192957705     
0010001300040U 020000000000000000000000000000000000000000000000000000000000000000000000000000000000000000000000000000000000000000000000001101201700000000            000000000000000                              000                           
0010001300041T 020180230000001544772 29577050211733196   78888888888888991301201700000000000750000103049X888888888888899          0900000000000010000000000000000000000000000000000000000   0000000000000000000000000A9        170192957705     
0010001300042U 020000000000000000000000000000000000000000000000000000000000000000000000000000000000000000000000000000000000000000000000001101201700000000            000000000000000                              000                           
0010001300043T 020180230000001544772 29577050211813928   788888888888889913012017000000000007500001000213888888888888899          0900000000000010000000000000000000000000000000000000000   0000000000000000000000000A9        170192957705     
0010001300044U 020000000000000000000000000000000000000000000000000000000000000000000000000000000000000000000000000000000000000000000000001101201700000000            000000000000000                              000                           
0010001300045T 020180230000001544772 29577050211959342   788888888888889913012017000000000007500001012408888888888888899          0900000000000010000000000000000000000000000000000000000   0000000000000000000000000A9        170192957705     
0010001300046U 020000000000000000000000000000000000000000000000000000000000000000000000000000000000000000000000000000000000000000000000001101201700000000            000000000000000                              000                           
0010001300047T 020180230000001544772 29577050212019382   788888888888889913012017000000000007500001022802888888888888899          0900000000000010000000000000000000000000000000000000000   0000000000000000000000000A9        170192957705     
0010001300048U 020000000000000000000000000000000000000000000000000000000000000000000000000000000000000000000000000000000000000000000000001101201700000000            000000000000000                              000                           
0010001300049T 020180230000001544772 29577050212045098   788888888888889913012017000000000007500001022802888888888888899          0900000000000010000000000000000000000000000000000000000   0000000000000000000000000A9        170192957705     
0010001300050U 020000000000000000000000000000000000000000000000000000000000000000000000000000000000000000000000000000000000000000000000001101201700000000            000000000000000                              000                           
0010001300051T 020180230000001544772 29577050212046527   788888888888889913012017000000000007500001022802888888888888899          0900000000000010000000000000000000000000000000000000000   0000000000000000000000000A9        170192957705     
0010001300052U 020000000000000000000000000000000000000000000000000000000000000000000000000000000000000000000000000000000000000000000000001101201700000000            000000000000000                              000                           
0010001300053T 020180230000001544772 29577050212047402   788888888888889913012017000000000007500001022802888888888888899          0900000000000010000000000000000000000000000000000000000   0000000000000000000000000A9        170192957705     
0010001300054U 020000000000000000000000000000000000000000000000000000000000000000000000000000000000000000000000000000000000000000000000001101201700000000            000000000000000                              000                           
0010001300055T 020180230000001544772 29577050212155087   788888888888889913012017000000000007500001000213888888888888899          0900000000000010000000000000000000000000000000000000000   0000000000000000000000000A9        170192957705     
0010001300056U 020000000000000000000000000000000000000000000000000000000000000000000000000000000000000000000000000000000000000000000000001101201700000000            000000000000000                              000                           
0010001300057T 020180230000001544772 29577050212336449   788888888888889913012017000000000007500001000833888888888888899          0900000000000010000000000000000000000000000000000000000   0000000000000000000000000A9        170192957705     
0010001300058U 020000000000000000000000000000000000000000000000000000000000000000000000000000000000000000000000000000000000000000000000001101201700000000            000000000000000                              000                           
0010001300059T 170180230000001544772 29577050030211690   7               00000000000000000010000001014001                         0900000000000010000000000000000000000000000000000000000   000000000000000000000070003        170192957705     
0010001300060U 170000000000000000000000000000000000000000000000000000000000000000000000100000000000000093000000000000000000000000000000001101201712012017            000000000000000                              000                           
0010001300061T 170180230000001544772 29577050044300595   7               00000000000000000007500021000840                         0900000000000010000000000000000000000000000000000000000   000000000000000000000070003        170192957705     
0010001300062U 170000000000000000000000000000000000000000000000000000000000000000000000075000000000000068000000000000000000000000000000001101201712012017            000000000000000                              000                           
0010001300063T 170180230000001544772 29577050170219670   7               00000000000000000007500021001040                         0900000000000010000000000000000000000000000000000000000   000000000000000000000070003        170192957705     
0010001300064U 170000000000000000000000000000000000000000000000000000000000000000000000075000000000000068000000000000000000000000000000001101201712012017            000000000000000                              000                           
0010001300065T 170180230000001544772 29577050171133447   7               00000000000000000007500001078166                         0900000000000010000000000000000000000000000000000000000   000000000000000000000070003        170192957705     
0010001300066U 170000000000000000000000000000000000000000000000000000000000000000000000075000000000000068000000000000000000000000000000001101201712012017            000000000000000                              000                           
0010001300067T 170180230000001544772 29577050184011317   7               00000000000000000007500021000590                         0900000000000010000000000000000000000000000000000000000   000000000000000000000070003        170192957705     
0010001300068U 170000000000000000000000000000000000000000000000000000000000000000000000075000000000000068000000000000000000000000000000001101201712012017            000000000000000                              000                           
0010001300069T 170180230000001544772 29577050189009470   7               00000000000000000007500104016430                         0900000000000010000000000000000000000000000000000000000   000000000000000000000070003        170192957705     
0010001300070U 170000000000000000000000000000000000000000000000000000000000000000000000075000000000000068000000000000000000000000000000001101201712012017            000000000000000                              000                           
0010001300071T 170180230000001544772 29577050191111287   7               00000000000000000010000341092340                         0900000000000010000000000000000000000000000000000000000   000000000000000000000070003        170192957705     
0010001300072U 170000000000000000000000000000000000000000000000000000000000000000000000100000000000000093000000000000000000000000000000001101201712012017            000000000000000                              000                           
0010001300073T 170180230000001544772 29577050191629195   7               00000000000000000007500021002760                         0900000000000010000000000000000000000000000000000000000   000000000000000000000070003        170192957705     
0010001300074U 170000000000000000000000000000000000000000000000000000000000000000000000075000000000000068000000000000000000000000000000001101201712012017            000000000000000                              000                           
0010001300075T 170180230000001544772 29577050194005348   7               00000000000000000007500104015390                         0900000000000010000000000000000000000000000000000000000   000000000000000000000070003        170192957705     
0010001300076U 170000000000000000000000000000000000000000000000000000000000000000000000075000000000000068000000000000000000000000000000001101201712012017            000000000000000                              000                           
0010001300077T 170180230000001544772 29577050194658985   7               00000000000000000007500021002080                         0900000000000010000000000000000000000000000000000000000   000000000000000000000070003        170192957705     
0010001300078U 170000000000000000000000000000000000000000000000000000000000000000000000075000000000000068000000000000000000000000000000001101201712012017            000000000000000                              000                           
0010001300079T 060180230000001544772 29577050198952201   788888888888889913012017000000000007500104005900888888888888899          0900000000000010000000000000000000000000000000000000000   000000000000000000000029000        170192957705     
0010001300080U 060000000000000000000000000000000000000000000000000000000000000000000000075000000000000072100000000000000000000000000000001101201712012017            000000000000000                              000                           
0010001300081T 170180230000001544772 29577050199300572   7               00000000000000000010000021002740                         0900000000000010000000000000000000000000000000000000000   000000000000000000000070003        170192957705     
0010001300082U 170000000000000000000000000000000000000000000000000000000000000000000000100000000000000093000000000000000000000000000000001101201712012017            000000000000000                              000                           
0010001300083T 060180230000001544772 29577050202401874   788888888888889912012017000000000007500021006090888888888888899          0900000000000010000000000000000000000000000000000000000   000000000000000000000029000        170192957705     
0010001300084U 060000000000000000000000000000000000000000000000000000000000000000000000075000000000000072100000000000000000000000000000001101201712012017            000000000000000                              000                           
0010001300085T 060180230000001544772 29577050205215569   788888888888889912012017000000000007500021001470888888888888899          0900000000000010000000000000000000000000000000000000000   000000000000000000000029000        170192957705     
0010001300086U 060000000000000000000000000000000000000000000000000000000000000000000000075000000000000072100000000000000000000000000000001101201712012017            000000000000000                              000                           
0010001300087T 060180230000001544772 29577050211210566   788888888888889913012017000000000007500001078069888888888888899          0900000000000010000000000000000000000000000000000000000   000000000000000000000029000        170192957705     
0010001300088U 060000000000000000000000000000000000000000000000000000000000000000000000075000000000000072100000000000000000000000000000001101201712012017            000000000000000                              000                           
0010001300089T 060180230000001544772 29577050211336655   788888888888889913012017000000000007500001078069888888888888899          0900000000000010000000000000000000000000000000000000000   000000000000000000000029000        170192957705     
0010001300090U 060000000000000000000000000000000000000000000000000000000000000000000000075000000000000072100000000000000000000000000000001101201712012017            000000000000000                              000                           
0010001300091T 170180230000001544772 29577050218120120   7               00000000000000000007500021001020                         0900000000000010000000000000000000000000000000000000000   000000000000000000000070003        170192957705     
0010001300092U 170000000000000000000000000000000000000000000000000000000000000000000000075000000000000068000000000000000000000000000000001101201712012017            000000000000000                              000                           
0010001300093T 170180230000001544772 29577050218225040   7               00000000000000000007500021001020                         0900000000000010000000000000000000000000000000000000000   000000000000000000000070003        170192957705     
0010001300094U 170000000000000000000000000000000000000000000000000000000000000000000000075000000000000068000000000000000000000000000000001101201712012017            000000000000000                              000                           
0010001300095T 280180230000001544772 29577050004300000   712345678       1212201600000000000750000100000012345678                 0900000000000000000000000000000000000000000000000000000   000000000000000000000005002        170192957705     
0010001300096U 280000000000000000000000000000000000000000000000000000000000000000000000000000000000000000000000000000000000000000000000001101201700000000            000000000000000                              000                           
0010001300097T 280180230000001544772 29577050004900000   712345678       1212201600000000001100000100000012345678                 0900000000000000000000000000000000000000000000000000000   000000000000000000000005002        170192957705     
0010001300098U 280000000000000000000000000000000000000000000000000000000000000000000000000000000000000000000000000000000000000000000000001101201700000000            000000000000000                              000                           
0010001300099T 280180230000001544772 29577050005100000   712345678       1212201600000000001100000100000012345678                 0900000000000000000000000000000000000000000000000000000   000000000000000000000005002        170192957705     
0010001300100U 280000000000000000000000000000000000000000000000000000000000000000000000000000000000000000000000000000000000000000000000001101201700000000            000000000000000                              000                           
0010001300101T 280180230000001544772 29577050007700000   712345678       1212201600000000001100000100000012345678                 0900000000000000000000000000000000000000000000000000000   000000000000000000000005002        170192957705     
0010001300102U 280000000000000000000000000000000000000000000000000000000000000000000000000000000000000000000000000000000000000000000000001101201700000000            000000000000000                              000                           
0010001300103T 280180230000001544772 29577050007900000   712345678       1212201600000000000750000100000012345678                 0900000000000000000000000000000000000000000000000000000   000000000000000000000005002        170192957705     
0010001300104U 280000000000000000000000000000000000000000000000000000000000000000000000000000000000000000000000000000000000000000000000001101201700000000            000000000000000                              000                           
0010001300105T 030180230000001544772 29577050210425514   78888888888888991301201700000000000750000100000 888888888888899          0900000000000000000000000000000000000000000000000000000   000000000000000000000000063        170192957705     
0010001300106U 030000000000000000000000000000000000000000000000000000000000000000000000000000000000000000000000000000000000000000000000001101201700000000            000000000000000                              000                           
00100015         000108000813000000000062465000000000000000000000000000000000000000000000000000000000000000000000000000000000000000000000000000000                                                                                              
00199999         000001000110000000                                                                                                                                                            00000000000000000000000000000                    
