00100000         2247745860001000029577050014       0180230000001544772 INSTITUTO DE SELECAO E TECNOLOBANCO DO BRASIL                         21201201701105700004803000000515122941PROCESSAMEN                                                 
00100011T0100020 20247745860001000029577050014       0180230000001544772 INSTITUTO DE SELECAO E TECNOLO                                                                                000000001201201700000000  000000000                      
0010001300001T 020180230000001544772 29577050029350469   788888888888889914012017000000000007500001000213888888888888899          0900000000000010000000000000000000000000000000000000000   0000000000000000000000000A9        170192957705     
0010001300002U 020000000000000000000000000000000000000000000000000000000000000000000000000000000000000000000000000000000000000000000000001201201700000000            000000000000000                              000                           
0010001300003T 020180230000001544772 29577050032334141   788888888888889914012017000000000007500001012408888888888888899          0900000000000010000000000000000000000000000000000000000   0000000000000000000000000A9        170192957705     
0010001300004U 020000000000000000000000000000000000000000000000000000000000000000000000000000000000000000000000000000000000000000000000001201201700000000            000000000000000                              000                           
0010001300005T 020180230000001544772 29577050084322930   788888888888889914012017000000000010000001012408888888888888899          0900000000000010000000000000000000000000000000000000000   0000000000000000000000000A9        170192957705     
0010001300006U 020000000000000000000000000000000000000000000000000000000000000000000000000000000000000000000000000000000000000000000000001201201700000000            000000000000000                              000                           
0010001300007T 020180230000001544772 29577050084342356   788888888888889914012017000000000010000001012408888888888888899          0900000000000010000000000000000000000000000000000000000   0000000000000000000000000A9        170192957705     
0010001300008U 020000000000000000000000000000000000000000000000000000000000000000000000000000000000000000000000000000000000000000000000001201201700000000            000000000000000                              000                           
0010001300009T 020180230000001544772 29577050130505911   78888888888888991401201700000000000750000103049X888888888888899          0900000000000010000000000000000000000000000000000000000   0000000000000000000000000A9        170192957705     
0010001300010U 020000000000000000000000000000000000000000000000000000000000000000000000000000000000000000000000000000000000000000000000001201201700000000            000000000000000                              000                           
0010001300011T 020180230000001544772 29577050148051273   788888888888889914012017000000000007500001032085888888888888899          0900000000000010000000000000000000000000000000000000000   0000000000000000000000000A9        170192957705     
0010001300012U 020000000000000000000000000000000000000000000000000000000000000000000000000000000000000000000000000000000000000000000000001201201700000000            000000000000000                              000                           
0010001300013T 020180230000001544772 29577050169804324   788888888888889914012017000000000007500001000833888888888888899          0900000000000010000000000000000000000000000000000000000   0000000000000000000000000A9        170192957705     
0010001300014U 020000000000000000000000000000000000000000000000000000000000000000000000000000000000000000000000000000000000000000000000001201201700000000            000000000000000                              000                           
0010001300015T 020180230000001544772 29577050219149125   788888888888889914012017000000000007500001012416888888888888899          0900000000000010000000000000000000000000000000000000000   0000000000000000000000000A9        170192957705     
0010001300016U 020000000000000000000000000000000000000000000000000000000000000000000000000000000000000000000000000000000000000000000000001201201700000000            000000000000000                              000                           
0010001300017T 020180230000001544772 29577050219311644   788888888888889914012017000000000007500001012416888888888888899          0900000000000010500000000000000000000000000000000000000   0000000000000000000000000A9A4      170192957705     
0010001300018U 020000000000000000000000000000000000000000000000000000000000000000000000000000000000000000000000000000000000000000000000001201201700000000            000000000000000                              000                           
0010001300019T 020180230000001544772 29577050219416406   788888888888889914012017000000000007500001012408888888888888899          0900000000000010000000000000000000000000000000000000000   0000000000000000000000000A9        170192957705     
0010001300020U 020000000000000000000000000000000000000000000000000000000000000000000000000000000000000000000000000000000000000000000000001201201700000000            000000000000000                              000                           
0010001300021T 020180230000001544772 29577050219510407   788888888888889914012017000000000007500001012408888888888888899          0900000000000010000000000000000000000000000000000000000   0000000000000000000000000A9        170192957705     
0010001300022U 020000000000000000000000000000000000000000000000000000000000000000000000000000000000000000000000000000000000000000000000001201201700000000            000000000000000                              000                           
0010001300023T 020180230000001544772 29577050219609813   788888888888889914012017000000000007500001001120888888888888899          0900000000000010000000000000000000000000000000000000000   0000000000000000000000000A9        170192957705     
0010001300024U 020000000000000000000000000000000000000000000000000000000000000000000000000000000000000000000000000000000000000000000000001201201700000000            000000000000000                              000                           
0010001300025T 020180230000001544772 29577050219754306   788888888888889914012017000000000007500001000213888888888888899          0900000000000010000000000000000000000000000000000000000   0000000000000000000000000A9        170192957705     
0010001300026U 020000000000000000000000000000000000000000000000000000000000000000000000000000000000000000000000000000000000000000000000001201201700000000            000000000000000                              000                           
0010001300027T 020180230000001544772 29577050219804816   788888888888889914012017000000000007500001012416888888888888899          0900000000000010000000000000000000000000000000000000000   0000000000000000000000000A9        170192957705     
0010001300028U 020000000000000000000000000000000000000000000000000000000000000000000000000000000000000000000000000000000000000000000000001201201700000000            000000000000000                              000                           
0010001300029T 020180230000001544772 29577050219925113   788888888888889914012017000000000007500001012408888888888888899          0900000000000010000000000000000000000000000000000000000   0000000000000000000000000A9        170192957705     
0010001300030U 020000000000000000000000000000000000000000000000000000000000000000000000000000000000000000000000000000000000000000000000001201201700000000            000000000000000                              000                           
0010001300031T 020180230000001544772 29577050220043687   788888888888889914012017000000000007500001000213888888888888899          0900000000000010000000000000000000000000000000000000000   0000000000000000000000000A9        170192957705     
0010001300032U 020000000000000000000000000000000000000000000000000000000000000000000000000000000000000000000000000000000000000000000000001201201700000000            000000000000000                              000                           
0010001300033T 020180230000001544772 29577050220107013   78888888888888991401201700000000000750000103049X888888888888899          0900000000000010000000000000000000000000000000000000000   0000000000000000000000000A9        170192957705     
0010001300034U 020000000000000000000000000000000000000000000000000000000000000000000000000000000000000000000000000000000000000000000000001201201700000000            000000000000000                              000                           
0010001300035T 020180230000001544772 29577050220159998   78888888888888991401201700000000000750000103049X888888888888899          0900000000000010000000000000000000000000000000000000000   0000000000000000000000000A9        170192957705     
0010001300036U 020000000000000000000000000000000000000000000000000000000000000000000000000000000000000000000000000000000000000000000000001201201700000000            000000000000000                              000                           
0010001300037T 020180230000001544772 29577050220217391   78888888888888991401201700000000000750000103049X888888888888899          0900000000000010000000000000000000000000000000000000000   0000000000000000000000000A9        170192957705     
0010001300038U 020000000000000000000000000000000000000000000000000000000000000000000000000000000000000000000000000000000000000000000000001201201700000000            000000000000000                              000                           
0010001300039T 020180230000001544772 29577050220349011   788888888888889914012017000000000007500001012416888888888888899          0900000000000010000000000000000000000000000000000000000   0000000000000000000000000A9        170192957705     
0010001300040U 020000000000000000000000000000000000000000000000000000000000000000000000000000000000000000000000000000000000000000000000001201201700000000            000000000000000                              000                           
0010001300041T 020180230000001544772 29577050220452296   788888888888889914012017000000000007500001045799888888888888899          0900000000000010000000000000000000000000000000000000000   0000000000000000000000000A9        170192957705     
0010001300042U 020000000000000000000000000000000000000000000000000000000000000000000000000000000000000000000000000000000000000000000000001201201700000000            000000000000000                              000                           
0010001300043T 020180230000001544772 29577050220519544   788888888888889914012017000000000007500001012408888888888888899          0900000000000010000000000000000000000000000000000000000   0000000000000000000000000A9        170192957705     
0010001300044U 020000000000000000000000000000000000000000000000000000000000000000000000000000000000000000000000000000000000000000000000001201201700000000            000000000000000                              000                           
0010001300045T 020180230000001544772 29577050220629962   788888888888889914012017000000000010000001000833888888888888899          0900000000000010000000000000000000000000000000000000000   0000000000000000000000000A9        170192957705     
0010001300046U 020000000000000000000000000000000000000000000000000000000000000000000000000000000000000000000000000000000000000000000000001201201700000000            000000000000000                              000                           
0010001300047T 020180230000001544772 29577050220708125   788888888888889914012017000000000010000001000213888888888888899          0900000000000010000000000000000000000000000000000000000   0000000000000000000000000A9        170192957705     
0010001300048U 020000000000000000000000000000000000000000000000000000000000000000000000000000000000000000000000000000000000000000000000001201201700000000            000000000000000                              000                           
0010001300049T 020180230000001544772 29577050220920299   788888888888889914012017000000000010000001000833888888888888899          0900000000000010000000000000000000000000000000000000000   0000000000000000000000000A9        170192957705     
0010001300050U 020000000000000000000000000000000000000000000000000000000000000000000000000000000000000000000000000000000000000000000000001201201700000000            000000000000000                              000                           
0010001300051T 020180230000001544772 29577050221012721   788888888888889914012017000000000007500001004782888888888888899          0900000000000010000000000000000000000000000000000000000   0000000000000000000000000A9        170192957705     
0010001300052U 020000000000000000000000000000000000000000000000000000000000000000000000000000000000000000000000000000000000000000000000001201201700000000            000000000000000                              000                           
0010001300053T 020180230000001544772 29577050221131350   788888888888889914012017000000000007500001009245888888888888899          0900000000000010000000000000000000000000000000000000000   0000000000000000000000000A9        170192957705     
0010001300054U 020000000000000000000000000000000000000000000000000000000000000000000000000000000000000000000000000000000000000000000000001201201700000000            000000000000000                              000                           
0010001300055T 020180230000001544772 29577050221216687   788888888888889914012017000000000007500001046280888888888888899          0900000000000010000000000000000000000000000000000000000   0000000000000000000000000A9        170192957705     
0010001300056U 020000000000000000000000000000000000000000000000000000000000000000000000000000000000000000000000000000000000000000000000001201201700000000            000000000000000                              000                           
0010001300057T 020180230000001544772 29577050221329251   788888888888889914012017000000000007500001009245888888888888899          0900000000000010000000000000000000000000000000000000000   0000000000000000000000000A9        170192957705     
0010001300058U 020000000000000000000000000000000000000000000000000000000000000000000000000000000000000000000000000000000000000000000000001201201700000000            000000000000000                              000                           
0010001300059T 060180230000001544772 29577050029350469   788888888888889914012017000000000007500237027890888888888888899          0900000000000010000000000000000000000000000000000000000   000000000000000000000029000        170192957705     
0010001300060U 060000000000000000000000000000000000000000000000000000000000000000000000075000000000000072100000000000000000000000000000001201201713012017            000000000000000                              000                           
0010001300061T 170180230000001544772 29577050042306409   7               00000000000000000010000104020420                         0900000000000010000000000000000000000000000000000000000   000000000000000000000070003        170192957705     
0010001300062U 170000000000000000000000000000000000000000000000000000000000000000000000100000000000000093000000000000000000000000000000001201201713012017            000000000000000                              000                           
0010001300063T 170180230000001544772 29577050121955948   7               00000000000000000007500001050814                         0900000000000010000000000000000000000000000000000000000   000000000000000000000070003        170192957705     
0010001300064U 170000000000000000000000000000000000000000000000000000000000000000000000075000000000000068000000000000000000000000000000001201201713012017            000000000000000                              000                           
0010001300065T 170180230000001544772 29577050133406184   7               00000000000000000007500033038830                         0900000000000010000000000000000000000000000000000000000   000000000000000000000070003        170192957705     
0010001300066U 170000000000000000000000000000000000000000000000000000000000000000000000075000000000000068000000000000000000000000000000001201201713012017            000000000000000                              000                           
0010001300067T 170180230000001544772 29577050134110570   7               00000000000000000007500104025210                         0900000000000010000000000000000000000000000000000000000   000000000000000000000070003        170192957705     
0010001300068U 170000000000000000000000000000000000000000000000000000000000000000000000075000000000000068000000000000000000000000000000001201201713012017            000000000000000                              000                           
0010001300069T 170180230000001544772 29577050167230724   7               00000000000000000007500104037790                         0900000000000010000000000000000000000000000000000000000   000000000000000000000070003        170192957705     
0010001300070U 170000000000000000000000000000000000000000000000000000000000000000000000075000000000000068000000000000000000000000000000001201201713012017            000000000000000                              000                           
0010001300071T 170180230000001544772 29577050168743538   7               00000000000000000007500001042919                         0900000000000010000000000000000000000000000000000000000   000000000000000000000070003        170192957705     
0010001300072U 170000000000000000000000000000000000000000000000000000000000000000000000075000000000000068000000000000000000000000000000001201201713012017            000000000000000                              000                           
0010001300073T 060180230000001544772 29577050169804324   788888888888889914012017000000000007500104036300888888888888899          0900000000000010000000000000000000000000000000000000000   000000000000000000000029000        170192957705     
0010001300074U 060000000000000000000000000000000000000000000000000000000000000000000000075000000000000072100000000000000000000000000000001201201713012017            000000000000000                              000                           
0010001300075T 170180230000001544772 29577050204332078   7               00000000000000000007500104008820                         0900000000000010000000000000000000000000000000000000000   000000000000000000000070003        170192957705     
0010001300076U 170000000000000000000000000000000000000000000000000000000000000000000000075000000000000068000000000000000000000000000000001201201713012017            000000000000000                              000                           
0010001300077T 170180230000001544772 29577050206941808   7               00000000000000000007500104010460                         0900000000000010000000000000000000000000000000000000000   000000000000000000000070003        170192957705     
0010001300078U 170000000000000000000000000000000000000000000000000000000000000000000000075000000000000068000000000000000000000000000000001201201713012017            000000000000000                              000                           
0010001300079T 170180230000001544772 29577050207104075   7               00000000000000000007500104010460                         0900000000000010000000000000000000000000000000000000000   000000000000000000000070003        170192957705     
0010001300080U 170000000000000000000000000000000000000000000000000000000000000000000000075000000000000068000000000000000000000000000000001201201713012017            000000000000000                              000                           
0010001300081T 170180230000001544772 29577050207231641   7               00000000000000000007500021001050                         0900000000000010000000000000000000000000000000000000000   000000000000000000000070003        170192957705     
0010001300082U 170000000000000000000000000000000000000000000000000000000000000000000000075000000000000068000000000000000000000000000000001201201713012017            000000000000000                              000                           
0010001300083T 170180230000001544772 29577050214418878   7               00000000000000000007500021001110                         0900000000000010000000000000000000000000000000000000000   000000000000000000000070003        170192957705     
0010001300084U 170000000000000000000000000000000000000000000000000000000000000000000000075000000000000068000000000000000000000000000000001201201713012017            000000000000000                              000                           
0010001300085T 170180230000001544772 29577050218306135   7               00000000000000000007500001038776                         0900000000000010000000000000000000000000000000000000000   000000000000000000000070003        170192957705     
0010001300086U 170000000000000000000000000000000000000000000000000000000000000000000000075000000000000068000000000000000000000000000000001201201713012017            000000000000000                              000                           
0010001300087T 060180230000001544772 29577050219311644   788888888888889914012017000000000007500237014460888888888888899          0900000000000010000000000000000000000000000000000000000   000000000000000000000029000        170192957705     
0010001300088U 060000000000000000000000000000000000000000000000000000000000000000000000075000000000000072100000000000000000000000000000001201201713012017            000000000000000                              000                           
0010001300089T 060180230000001544772 29577050219510407   788888888888889914012017000000000007500104030250888888888888899          0900000000000010000000000000000000000000000000000000000   000000000000000000000029000        170192957705     
0010001300090U 060000000000000000000000000000000000000000000000000000000000000000000000075000000000000072100000000000000000000000000000001201201713012017            000000000000000                              000                           
0010001300091T 060180230000001544772 29577050220708125   788888888888889914012017000000000010000104023100888888888888899          0900000000000010000000000000000000000000000000000000000   000000000000000000000029000        170192957705     
0010001300092U 060000000000000000000000000000000000000000000000000000000000000000000000100000000000000097100000000000000000000000000000001201201713012017            000000000000000                              000                           
0010001300093T 170180230000001544772 29577050221637240   7               00000000000000000007500104001670                         0900000000000010000000000000000000000000000000000000000   000000000000000000000070003        170192957705     
0010001300094U 170000000000000000000000000000000000000000000000000000000000000000000000075000000000000068000000000000000000000000000000001201201713012017            000000000000000                              000                           
0010001300095T 170180230000001544772 29577050222336589   7               00000000000000000010000001040355                         0900000000000010000000000000000000000000000000000000000   000000000000000000000070003        170192957705     
0010001300096U 170000000000000000000000000000000000000000000000000000000000000000000000100000000000000093000000000000000000000000000000001201201713012017            000000000000000                              000                           
0010001300097T 170180230000001544772 29577050222808908   7               00000000000000000010000104020420                         0900000000000010000000000000000000000000000000000000000   000000000000000000000070003        170192957705     
0010001300098U 170000000000000000000000000000000000000000000000000000000000000000000000100000000000000093000000000000000000000000000000001201201713012017            000000000000000                              000                           
0010001300099T 170180230000001544772 29577050227018692   7               00000000000000000007500021000100                         0900000000000010000000000000000000000000000000000000000   000000000000000000000070003        170192957705     
0010001300100U 170000000000000000000000000000000000000000000000000000000000000000000000075000000000000068000000000000000000000000000000001201201713012017            000000000000000                              000                           
00100015         000102000837000000000064365000000000000000000000000000000000000000000000000000000000000000000000000000000000000000000000000000000                                                                                              
00199999         000001000104000000                                                                                                                                                            00000000000000000000000000000                    
