00100000         2247745860001000029577050014       0180230000001544772 INSTITUTO DE SELECAO E TECNOLOBANCO DO BRASIL                         21301201701243500005003000000515122941PROCESSAMEN                                                 
00100011T0100020 20247745860001000029577050014       0180230000001544772 INSTITUTO DE SELECAO E TECNOLO                                                                                000000001301201700000000  000000000                      
0010001300001T 020180230000001544772 29577050005828942   788888888888889915012017000000000007500001000213888888888888899          0900000000000010000000000000000000000000000000000000000   0000000000000000000000000A9        170192957705     
0010001300002U 020000000000000000000000000000000000000000000000000000000000000000000000000000000000000000000000000000000000000000000000001301201700000000            000000000000000                              000                           
0010001300003T 020180230000001544772 29577050006340264   788888888888889915012017000000000007500001012408888888888888899          0900000000000010000000000000000000000000000000000000000   0000000000000000000000000A9        170192957705     
0010001300004U 020000000000000000000000000000000000000000000000000000000000000000000000000000000000000000000000000000000000000000000000001301201700000000            000000000000000                              000                           
0010001300005T 020180230000001544772 29577050007058513   788888888888889915012017000000000007500001000213888888888888899          0900000000000010000000000000000000000000000000000000000   0000000000000000000000000A9        170192957705     
0010001300006U 020000000000000000000000000000000000000000000000000000000000000000000000000000000000000000000000000000000000000000000000001301201700000000            000000000000000                              000                           
0010001300007T 020180230000001544772 29577050007109673   788888888888889915012017000000000007500001012416888888888888899          0900000000000010000000000000000000000000000000000000000   0000000000000000000000000A9        170192957705     
0010001300008U 020000000000000000000000000000000000000000000000000000000000000000000000000000000000000000000000000000000000000000000000001301201700000000            000000000000000                              000                           
0010001300009T 020180230000001544772 29577050007500256   788888888888889915012017000000000007500001012408888888888888899          0900000000000010000000000000000000000000000000000000000   0000000000000000000000000A9        170192957705     
0010001300010U 020000000000000000000000000000000000000000000000000000000000000000000000000000000000000000000000000000000000000000000000001301201700000000            000000000000000                              000                           
0010001300011T 020180230000001544772 29577050007646218   788888888888889915012017000000000007500001012416888888888888899          0900000000000010000000000000000000000000000000000000000   0000000000000000000000000A9        170192957705     
0010001300012U 020000000000000000000000000000000000000000000000000000000000000000000000000000000000000000000000000000000000000000000000001301201700000000            000000000000000                              000                           
0010001300013T 020180230000001544772 29577050008140723   788888888888889915012017000000000007500001012416888888888888899          0900000000000010000000000000000000000000000000000000000   0000000000000000000000000A9        170192957705     
0010001300014U 020000000000000000000000000000000000000000000000000000000000000000000000000000000000000000000000000000000000000000000000001301201700000000            000000000000000                              000                           
0010001300015T 020180230000001544772 29577050008240718   788888888888889915012017000000000007500001012416888888888888899          0900000000000010000000000000000000000000000000000000000   0000000000000000000000000A9        170192957705     
0010001300016U 020000000000000000000000000000000000000000000000000000000000000000000000000000000000000000000000000000000000000000000000001301201700000000            000000000000000                              000                           
0010001300017T 020180230000001544772 29577050008333769   788888888888889915012017000000000007500001012416888888888888899          0900000000000010000000000000000000000000000000000000000   0000000000000000000000000A9        170192957705     
0010001300018U 020000000000000000000000000000000000000000000000000000000000000000000000000000000000000000000000000000000000000000000000001301201700000000            000000000000000                              000                           
0010001300019T 020180230000001544772 29577050008357056   788888888888889915012017000000000007500001012416888888888888899          0900000000000010000000000000000000000000000000000000000   0000000000000000000000000A9        170192957705     
0010001300020U 020000000000000000000000000000000000000000000000000000000000000000000000000000000000000000000000000000000000000000000000001301201700000000            000000000000000                              000                           
0010001300021T 020180230000001544772 29577050008508167   788888888888889915012017000000000007500001012408888888888888899          0900000000000010000000000000000000000000000000000000000   0000000000000000000000000A9        170192957705     
0010001300022U 020000000000000000000000000000000000000000000000000000000000000000000000000000000000000000000000000000000000000000000000001301201700000000            000000000000000                              000                           
0010001300023T 020180230000001544772 29577050009005819   788888888888889915012017000000000007500001000213888888888888899          0900000000000010000000000000000000000000000000000000000   0000000000000000000000000A9        170192957705     
0010001300024U 020000000000000000000000000000000000000000000000000000000000000000000000000000000000000000000000000000000000000000000000001301201700000000            000000000000000                              000                           
0010001300025T 020180230000001544772 29577050009222043   788888888888889915012017000000000007500001012408888888888888899          0900000000000010000000000000000000000000000000000000000   0000000000000000000000000A9        170192957705     
0010001300026U 020000000000000000000000000000000000000000000000000000000000000000000000000000000000000000000000000000000000000000000000001301201700000000            000000000000000                              000                           
0010001300027T 020180230000001544772 29577050009311658   788888888888889915012017000000000007500001012408888888888888899          0900000000000010500000000000000000000000000000000000000   0000000000000000000000000A9A4      170192957705     
0010001300028U 020000000000000000000000000000000000000000000000000000000000000000000000000000000000000000000000000000000000000000000000001301201700000000            000000000000000                              000                           
0010001300029T 020180230000001544772 29577050009422343   788888888888889915012017000000000007500001000213888888888888899          0900000000000010000000000000000000000000000000000000000   0000000000000000000000000A9        170192957705     
0010001300030U 020000000000000000000000000000000000000000000000000000000000000000000000000000000000000000000000000000000000000000000000001301201700000000            000000000000000                              000                           
0010001300031T 020180230000001544772 29577050010103259   788888888888889915012017000000000007500001012408888888888888899          0900000000000010000000000000000000000000000000000000000   0000000000000000000000000A9        170192957705     
0010001300032U 020000000000000000000000000000000000000000000000000000000000000000000000000000000000000000000000000000000000000000000000001301201700000000            000000000000000                              000                           
0010001300033T 020180230000001544772 29577050010321152   788888888888889915012017000000000007500001012416888888888888899          0900000000000010000000000000000000000000000000000000000   0000000000000000000000000A9        170192957705     
0010001300034U 020000000000000000000000000000000000000000000000000000000000000000000000000000000000000000000000000000000000000000000000001301201700000000            000000000000000                              000                           
0010001300035T 020180230000001544772 29577050010537867   788888888888889915012017000000000007500001012416888888888888899          0900000000000010000000000000000000000000000000000000000   0000000000000000000000000A9        170192957705     
0010001300036U 020000000000000000000000000000000000000000000000000000000000000000000000000000000000000000000000000000000000000000000000001301201700000000            000000000000000                              000                           
0010001300037T 020180230000001544772 29577050037943779   78888888888888991501201700000000000750000103049X888888888888899          0900000000000010000000000000000000000000000000000000000   0000000000000000000000000A9        170192957705     
0010001300038U 020000000000000000000000000000000000000000000000000000000000000000000000000000000000000000000000000000000000000000000000001301201700000000            000000000000000                              000                           
0010001300039T 020180230000001544772 29577050043447282   788888888888889915012017000000000007500001000213888888888888899          0900000000000010000000000000000000000000000000000000000   0000000000000000000000000A9        170192957705     
0010001300040U 020000000000000000000000000000000000000000000000000000000000000000000000000000000000000000000000000000000000000000000000001301201700000000            000000000000000                              000                           
0010001300041T 020180230000001544772 29577050093619384   788888888888889915012017000000000007500001000213888888888888899          0900000000000010000000000000000000000000000000000000000   0000000000000000000000000A9        170192957705     
0010001300042U 020000000000000000000000000000000000000000000000000000000000000000000000000000000000000000000000000000000000000000000000001301201700000000            000000000000000                              000                           
0010001300043T 020180230000001544772 29577050114106293   788888888888889915012017000000000007500001000213888888888888899          0900000000000010000000000000000000000000000000000000000   0000000000000000000000000A9        170192957705     
0010001300044U 020000000000000000000000000000000000000000000000000000000000000000000000000000000000000000000000000000000000000000000000001301201700000000            000000000000000                              000                           
0010001300045T 020180230000001544772 29577050128017887   788888888888889915012017000000000007500001000213888888888888899          0900000000000010000000000000000000000000000000000000000   0000000000000000000000000A9        170192957705     
0010001300046U 020000000000000000000000000000000000000000000000000000000000000000000000000000000000000000000000000000000000000000000000001301201700000000            000000000000000                              000                           
0010001300047T 020180230000001544772 29577050130507462   78888888888888991501201700000000000750000103049X888888888888899          0900000000000010000000000000000000000000000000000000000   0000000000000000000000000A9        170192957705     
0010001300048U 020000000000000000000000000000000000000000000000000000000000000000000000000000000000000000000000000000000000000000000000001301201700000000            000000000000000                              000                           
0010001300049T 020180230000001544772 29577050130545814   78888888888888991501201700000000000750000103049X888888888888899          0900000000000010000000000000000000000000000000000000000   0000000000000000000000000A9        170192957705     
0010001300050U 020000000000000000000000000000000000000000000000000000000000000000000000000000000000000000000000000000000000000000000000001301201700000000            000000000000000                              000                           
0010001300051T 020180230000001544772 29577050130551829   78888888888888991501201700000000000750000103049X888888888888899          0900000000000010000000000000000000000000000000000000000   0000000000000000000000000A9        170192957705     
0010001300052U 020000000000000000000000000000000000000000000000000000000000000000000000000000000000000000000000000000000000000000000000001301201700000000            000000000000000                              000                           
0010001300053T 020180230000001544772 29577050130554890   78888888888888991501201700000000000750000103049X888888888888899          0900000000000010000000000000000000000000000000000000000   0000000000000000000000000A9        170192957705     
0010001300054U 020000000000000000000000000000000000000000000000000000000000000000000000000000000000000000000000000000000000000000000000001301201700000000            000000000000000                              000                           
0010001300055T 020180230000001544772 29577050130555654   78888888888888991501201700000000000750000103049X888888888888899          0900000000000010000000000000000000000000000000000000000   0000000000000000000000000A9        170192957705     
0010001300056U 020000000000000000000000000000000000000000000000000000000000000000000000000000000000000000000000000000000000000000000000001301201700000000            000000000000000                              000                           
0010001300057T 020180230000001544772 29577050130559434   78888888888888991501201700000000000750000103049X888888888888899          0900000000000010000000000000000000000000000000000000000   0000000000000000000000000A9        170192957705     
0010001300058U 020000000000000000000000000000000000000000000000000000000000000000000000000000000000000000000000000000000000000000000000001301201700000000            000000000000000                              000                           
0010001300059T 020180230000001544772 29577050168747795   788888888888889915012017000000000007500001012416888888888888899          0900000000000010000000000000000000000000000000000000000   0000000000000000000000000A9        170192957705     
0010001300060U 020000000000000000000000000000000000000000000000000000000000000000000000000000000000000000000000000000000000000000000000001301201700000000            000000000000000                              000                           
0010001300061T 020180230000001544772 29577050174818529   788888888888889915012017000000000007500001000833888888888888899          0900000000000010000000000000000000000000000000000000000   0000000000000000000000000A9        170192957705     
0010001300062U 020000000000000000000000000000000000000000000000000000000000000000000000000000000000000000000000000000000000000000000000001301201700000000            000000000000000                              000                           
0010001300063T 020180230000001544772 29577050190927855   788888888888889915012017000000000007500001000833888888888888899          0900000000000010000000000000000000000000000000000000000   0000000000000000000000000A9        170192957705     
0010001300064U 020000000000000000000000000000000000000000000000000000000000000000000000000000000000000000000000000000000000000000000000001301201700000000            000000000000000                              000                           
0010001300065T 020180230000001544772 29577050206805592   788888888888889915012017000000000007500001001945888888888888899          0900000000000010500000000000000000000000000000000000000   0000000000000000000000000A9A4      170192957705     
0010001300066U 020000000000000000000000000000000000000000000000000000000000000000000000000000000000000000000000000000000000000000000000001301201700000000            000000000000000                              000                           
0010001300067T 020180230000001544772 29577050207739765   788888888888889915012017000000000010000001000833888888888888899          0900000000000010000000000000000000000000000000000000000   0000000000000000000000000A9        170192957705     
0010001300068U 020000000000000000000000000000000000000000000000000000000000000000000000000000000000000000000000000000000000000000000000001301201700000000            000000000000000                              000                           
0010001300069T 020180230000001544772 29577050212612113   788888888888889915012017000000000007500001032077888888888888899          0900000000000010000000000000000000000000000000000000000   0000000000000000000000000A9        170192957705     
0010001300070U 020000000000000000000000000000000000000000000000000000000000000000000000000000000000000000000000000000000000000000000000001301201700000000            000000000000000                              000                           
0010001300071T 020180230000001544772 29577050216002919   788888888888889915012017000000000007500001002151888888888888899          0900000000000010000000000000000000000000000000000000000   0000000000000000000000000A9        170192957705     
0010001300072U 020000000000000000000000000000000000000000000000000000000000000000000000000000000000000000000000000000000000000000000000001301201700000000            000000000000000                              000                           
0010001300073T 020180230000001544772 29577050217657724   788888888888889915012017000000000007500001012408888888888888899          0900000000000010000000000000000000000000000000000000000   0000000000000000000000000A9        170192957705     
0010001300074U 020000000000000000000000000000000000000000000000000000000000000000000000000000000000000000000000000000000000000000000000001301201700000000            000000000000000                              000                           
0010001300075T 020180230000001544772 29577050227631884   788888888888889915012017000000000007500001012408888888888888899          0900000000000010000000000000000000000000000000000000000   0000000000000000000000000A9        170192957705     
0010001300076U 020000000000000000000000000000000000000000000000000000000000000000000000000000000000000000000000000000000000000000000000001301201700000000            000000000000000                              000                           
0010001300077T 020180230000001544772 29577050228928486   78888888888888991501201700000000000750000103049X888888888888899          0900000000000010000000000000000000000000000000000000000   0000000000000000000000000A9        170192957705     
0010001300078U 020000000000000000000000000000000000000000000000000000000000000000000000000000000000000000000000000000000000000000000000001301201700000000            000000000000000                              000                           
0010001300079T 020180230000001544772 29577050229010568   788888888888889915012017000000000007500001045578888888888888899          0900000000000010000000000000000000000000000000000000000   0000000000000000000000000A9        170192957705     
0010001300080U 020000000000000000000000000000000000000000000000000000000000000000000000000000000000000000000000000000000000000000000000001301201700000000            000000000000000                              000                           
0010001300081T 020180230000001544772 29577050229125511   78888888888888991501201700000000000750000100166X888888888888899          0900000000000010000000000000000000000000000000000000000   0000000000000000000000000A9        170192957705     
0010001300082U 020000000000000000000000000000000000000000000000000000000000000000000000000000000000000000000000000000000000000000000000001301201700000000            000000000000000                              000                           
0010001300083T 020180230000001544772 29577050229147096   78888888888888991501201700000000000750000100166X888888888888899          0900000000000010000000000000000000000000000000000000000   0000000000000000000000000A9        170192957705     
0010001300084U 020000000000000000000000000000000000000000000000000000000000000000000000000000000000000000000000000000000000000000000000001301201700000000            000000000000000                              000                           
0010001300085T 020180230000001544772 29577050229157488   78888888888888991501201700000000000750000100166X888888888888899          0900000000000010000000000000000000000000000000000000000   0000000000000000000000000A9        170192957705     
0010001300086U 020000000000000000000000000000000000000000000000000000000000000000000000000000000000000000000000000000000000000000000000001301201700000000            000000000000000                              000                           
0010001300087T 020180230000001544772 29577050229233478   78888888888888991501201700000000000750000103049X888888888888899          0900000000000010000000000000000000000000000000000000000   0000000000000000000000000A9        170192957705     
0010001300088U 020000000000000000000000000000000000000000000000000000000000000000000000000000000000000000000000000000000000000000000000001301201700000000            000000000000000                              000                           
0010001300089T 020180230000001544772 29577050229330727   78888888888888991501201700000000000750000100166X888888888888899          0900000000000010000000000000000000000000000000000000000   0000000000000000000000000A9        170192957705     
0010001300090U 020000000000000000000000000000000000000000000000000000000000000000000000000000000000000000000000000000000000000000000000001301201700000000            000000000000000                              000                           
0010001300091T 020180230000001544772 29577050229421445   788888888888889915012017000000000007500001012408888888888888899          0900000000000010000000000000000000000000000000000000000   0000000000000000000000000A9        170192957705     
0010001300092U 020000000000000000000000000000000000000000000000000000000000000000000000000000000000000000000000000000000000000000000000001301201700000000            000000000000000                              000                           
0010001300093T 020180230000001544772 29577050229452220   788888888888889915012017000000000007500001012408888888888888899          0900000000000010000000000000000000000000000000000000000   0000000000000000000000000A9        170192957705     
0010001300094U 020000000000000000000000000000000000000000000000000000000000000000000000000000000000000000000000000000000000000000000000001301201700000000            000000000000000                              000                           
0010001300095T 020180230000001544772 29577050229756572   788888888888889915012017000000000010000001012416888888888888899          0900000000000010000000000000000000000000000000000000000   0000000000000000000000000A9        170192957705     
0010001300096U 020000000000000000000000000000000000000000000000000000000000000000000000000000000000000000000000000000000000000000000000001301201700000000            000000000000000                              000                           
0010001300097T 020180230000001544772 29577050229856577   788888888888889915012017000000000007500001012416888888888888899          0900000000000010000000000000000000000000000000000000000   0000000000000000000000000A9        170192957705     
0010001300098U 020000000000000000000000000000000000000000000000000000000000000000000000000000000000000000000000000000000000000000000000001301201700000000            000000000000000                              000                           
0010001300099T 020180230000001544772 29577050230049609   788888888888889915012017000000000010000001002720888888888888899          0900000000000010000000000000000000000000000000000000000   0000000000000000000000000A9        170192957705     
0010001300100U 020000000000000000000000000000000000000000000000000000000000000000000000000000000000000000000000000000000000000000000000001301201700000000            000000000000000                              000                           
0010001300101T 020180230000001544772 29577050230247910   788888888888889915012017000000000007500001012416888888888888899          0900000000000010500000000000000000000000000000000000000   0000000000000000000000000A9A4      170192957705     
0010001300102U 020000000000000000000000000000000000000000000000000000000000000000000000000000000000000000000000000000000000000000000000001301201700000000            000000000000000                              000                           
0010001300103T 020180230000001544772 29577050230448745   788888888888889915012017000000000010000001004782888888888888899          0900000000000010000000000000000000000000000000000000000   0000000000000000000000000A9        170192957705     
0010001300104U 020000000000000000000000000000000000000000000000000000000000000000000000000000000000000000000000000000000000000000000000001301201700000000            000000000000000                              000                           
0010001300105T 020180230000001544772 29577050230823911   788888888888889915012017000000000007500001003816888888888888899          0900000000000010000000000000000000000000000000000000000   0000000000000000000000000A9        170192957705     
0010001300106U 020000000000000000000000000000000000000000000000000000000000000000000000000000000000000000000000000000000000000000000000001301201700000000            000000000000000                              000                           
0010001300107T 020180230000001544772 29577050230951016   788888888888889915012017000000000007500001012416888888888888899          0900000000000010000000000000000000000000000000000000000   0000000000000000000000000A9        170192957705     
0010001300108U 020000000000000000000000000000000000000000000000000000000000000000000000000000000000000000000000000000000000000000000000001301201700000000            000000000000000                              000                           
0010001300109T 020180230000001544772 29577050231046622   788888888888889915012017000000000007500001032077888888888888899          0900000000000010000000000000000000000000000000000000000   0000000000000000000000000A9        170192957705     
0010001300110U 020000000000000000000000000000000000000000000000000000000000000000000000000000000000000000000000000000000000000000000000001301201700000000            000000000000000                              000                           
0010001300111T 020180230000001544772 29577050231332939   78888888888888991501201700000000000750000103049X888888888888899          0900000000000010000000000000000000000000000000000000000   0000000000000000000000000A9        170192957705     
0010001300112U 020000000000000000000000000000000000000000000000000000000000000000000000000000000000000000000000000000000000000000000000001301201700000000            000000000000000                              000                           
0010001300113T 020180230000001544772 29577050231745790   788888888888889915012017000000000010000001012408888888888888899          0900000000000010000000000000000000000000000000000000000   0000000000000000000000000A9        170192957705     
0010001300114U 020000000000000000000000000000000000000000000000000000000000000000000000000000000000000000000000000000000000000000000000001301201700000000            000000000000000                              000                           
0010001300115T 020180230000001544772 29577050231858764   788888888888889915012017000000000007500001000213888888888888899          0900000000000010000000000000000000000000000000000000000   0000000000000000000000000A9        170192957705     
0010001300116U 020000000000000000000000000000000000000000000000000000000000000000000000000000000000000000000000000000000000000000000000001301201700000000            000000000000000                              000                           
0010001300117T 020180230000001544772 29577050231909909   78888888888888991501201700000000000750000103049X888888888888899          0900000000000010500000000000000000000000000000000000000   0000000000000000000000000A9A4      170192957705     
0010001300118U 020000000000000000000000000000000000000000000000000000000000000000000000000000000000000000000000000000000000000000000000001301201700000000            000000000000000                              000                           
0010001300119T 020180230000001544772 29577050232029606   788888888888889915012017000000000007500001012408888888888888899          0900000000000010000000000000000000000000000000000000000   0000000000000000000000000A9        170192957705     
0010001300120U 020000000000000000000000000000000000000000000000000000000000000000000000000000000000000000000000000000000000000000000000001301201700000000            000000000000000                              000                           
0010001300121T 020180230000001544772 29577050232116783   788888888888889915012017000000000007500001000213888888888888899          0900000000000010500000000000000000000000000000000000000   0000000000000000000000000A9A4      170192957705     
0010001300122U 020000000000000000000000000000000000000000000000000000000000000000000000000000000000000000000000000000000000000000000000001301201700000000            000000000000000                              000                           
0010001300123T 020180230000001544772 29577050232255302   788888888888889915012017000000000007500001000213888888888888899          0900000000000010000000000000000000000000000000000000000   0000000000000000000000000A9        170192957705     
0010001300124U 020000000000000000000000000000000000000000000000000000000000000000000000000000000000000000000000000000000000000000000000001301201700000000            000000000000000                              000                           
0010001300125T 020180230000001544772 29577050232325528   788888888888889915012017000000000007500001012416888888888888899          0900000000000010000000000000000000000000000000000000000   0000000000000000000000000A9        170192957705     
0010001300126U 020000000000000000000000000000000000000000000000000000000000000000000000000000000000000000000000000000000000000000000000001301201700000000            000000000000000                              000                           
0010001300127T 020180230000001544772 29577050232408366   78888888888888991501201700000000000750000103049X888888888888899          0900000000000010000000000000000000000000000000000000000   0000000000000000000000000A9        170192957705     
0010001300128U 020000000000000000000000000000000000000000000000000000000000000000000000000000000000000000000000000000000000000000000000001301201700000000            000000000000000                              000                           
0010001300129T 020180230000001544772 29577050232556752   788888888888889915012017000000000007500001012416888888888888899          0900000000000010000000000000000000000000000000000000000   0000000000000000000000000A9        170192957705     
0010001300130U 020000000000000000000000000000000000000000000000000000000000000000000000000000000000000000000000000000000000000000000000001301201700000000            000000000000000                              000                           
0010001300131T 020180230000001544772 29577050232740457   788888888888889915012017000000000007500001012416888888888888899          0900000000000010000000000000000000000000000000000000000   0000000000000000000000000A9        170192957705     
0010001300132U 020000000000000000000000000000000000000000000000000000000000000000000000000000000000000000000000000000000000000000000000001301201700000000            000000000000000                              000                           
0010001300133T 020180230000001544772 29577050232812231   788888888888889915012017000000000007500001000213888888888888899          0900000000000010000000000000000000000000000000000000000   0000000000000000000000000A9        170192957705     
0010001300134U 020000000000000000000000000000000000000000000000000000000000000000000000000000000000000000000000000000000000000000000000001301201700000000            000000000000000                              000                           
0010001300135T 020180230000001544772 29577050232903666   788888888888889915012017000000000010000001004782888888888888899          0900000000000010000000000000000000000000000000000000000   0000000000000000000000000A9        170192957705     
0010001300136U 020000000000000000000000000000000000000000000000000000000000000000000000000000000000000000000000000000000000000000000000001301201700000000            000000000000000                              000                           
0010001300137T 020180230000001544772 29577050233009384   78888888888888991501201700000000000750000103049X888888888888899          0900000000000010000000000000000000000000000000000000000   0000000000000000000000000A9        170192957705     
0010001300138U 020000000000000000000000000000000000000000000000000000000000000000000000000000000000000000000000000000000000000000000000001301201700000000            000000000000000                              000                           
0010001300139T 020180230000001544772 29577050233103164   78888888888888991501201700000000000750000103049X888888888888899          0900000000000010000000000000000000000000000000000000000   0000000000000000000000000A9        170192957705     
0010001300140U 020000000000000000000000000000000000000000000000000000000000000000000000000000000000000000000000000000000000000000000000001301201700000000            000000000000000                              000                           
0010001300141T 020180230000001544772 29577050233223532   788888888888889915012017000000000007500001012408888888888888899          0900000000000010500000000000000000000000000000000000000   0000000000000000000000000A9A4      170192957705     
0010001300142U 020000000000000000000000000000000000000000000000000000000000000000000000000000000000000000000000000000000000000000000000001301201700000000            000000000000000                              000                           
0010001300143T 020180230000001544772 29577050233340245   788888888888889915012017000000000007500001012408888888888888899          0900000000000010000000000000000000000000000000000000000   0000000000000000000000000A9        170192957705     
0010001300144U 020000000000000000000000000000000000000000000000000000000000000000000000000000000000000000000000000000000000000000000000001301201700000000            000000000000000                              000                           
0010001300145T 020180230000001544772 29577050233440455   788888888888889915012017000000000007500001000213888888888888899          0900000000000010000000000000000000000000000000000000000   0000000000000000000000000A9        170192957705     
0010001300146U 020000000000000000000000000000000000000000000000000000000000000000000000000000000000000000000000000000000000000000000000001301201700000000            000000000000000                              000                           
0010001300147T 020180230000001544772 29577050233528432   788888888888889915012017000000000007500001012416888888888888899          0900000000000010000000000000000000000000000000000000000   0000000000000000000000000A9        170192957705     
0010001300148U 020000000000000000000000000000000000000000000000000000000000000000000000000000000000000000000000000000000000000000000000001301201700000000            000000000000000                              000                           
0010001300149T 020180230000001544772 29577050233611483   788888888888889915012017000000000010000001009245888888888888899          0900000000000010000000000000000000000000000000000000000   0000000000000000000000000A9        170192957705     
0010001300150U 020000000000000000000000000000000000000000000000000000000000000000000000000000000000000000000000000000000000000000000000001301201700000000            000000000000000                              000                           
0010001300151T 020180230000001544772 29577050233734445   788888888888889915012017000000000007500001012416888888888888899          0900000000000010500000000000000000000000000000000000000   0000000000000000000000000A9A4      170192957705     
0010001300152U 020000000000000000000000000000000000000000000000000000000000000000000000000000000000000000000000000000000000000000000000001301201700000000            000000000000000                              000                           
0010001300153T 020180230000001544772 29577050233816474   788888888888889915012017000000000007500001012408888888888888899          0900000000000010000000000000000000000000000000000000000   0000000000000000000000000A9        170192957705     
0010001300154U 020000000000000000000000000000000000000000000000000000000000000000000000000000000000000000000000000000000000000000000000001301201700000000            000000000000000                              000                           
0010001300155T 020180230000001544772 29577050233935644   78888888888888991501201700000000000750000103049X888888888888899          0900000000000010000000000000000000000000000000000000000   0000000000000000000000000A9        170192957705     
0010001300156U 020000000000000000000000000000000000000000000000000000000000000000000000000000000000000000000000000000000000000000000000001301201700000000            000000000000000                              000                           
0010001300157T 020180230000001544772 29577050234009761   788888888888889915012017000000000007500001012408888888888888899          0900000000000010000000000000000000000000000000000000000   0000000000000000000000000A9        170192957705     
0010001300158U 020000000000000000000000000000000000000000000000000000000000000000000000000000000000000000000000000000000000000000000000001301201700000000            000000000000000                              000                           
0010001300159T 020180230000001544772 29577050234011462   788888888888889915012017000000000007500001012408888888888888899          0900000000000010000000000000000000000000000000000000000   0000000000000000000000000A9        170192957705     
0010001300160U 020000000000000000000000000000000000000000000000000000000000000000000000000000000000000000000000000000000000000000000000001301201700000000            000000000000000                              000                           
0010001300161T 020180230000001544772 29577050234027781   788888888888889915012017000000000007500001012408888888888888899          0900000000000010000000000000000000000000000000000000000   0000000000000000000000000A9        170192957705     
0010001300162U 020000000000000000000000000000000000000000000000000000000000000000000000000000000000000000000000000000000000000000000000001301201700000000            000000000000000                              000                           
0010001300163T 020180230000001544772 29577050234032088   788888888888889915012017000000000007500001012408888888888888899          0900000000000010000000000000000000000000000000000000000   0000000000000000000000000A9        170192957705     
0010001300164U 020000000000000000000000000000000000000000000000000000000000000000000000000000000000000000000000000000000000000000000000001301201700000000            000000000000000                              000                           
0010001300165T 020180230000001544772 29577050234032409   788888888888889915012017000000000007500001012408888888888888899          0900000000000010000000000000000000000000000000000000000   0000000000000000000000000A9        170192957705     
0010001300166U 020000000000000000000000000000000000000000000000000000000000000000000000000000000000000000000000000000000000000000000000001301201700000000            000000000000000                              000                           
0010001300167T 020180230000001544772 29577050234032412   788888888888889915012017000000000007500001012408888888888888899          0900000000000010000000000000000000000000000000000000000   0000000000000000000000000A9        170192957705     
0010001300168U 020000000000000000000000000000000000000000000000000000000000000000000000000000000000000000000000000000000000000000000000001301201700000000            000000000000000                              000                           
0010001300169T 020180230000001544772 29577050234034611   788888888888889915012017000000000007500001012408888888888888899          0900000000000010000000000000000000000000000000000000000   0000000000000000000000000A9        170192957705     
0010001300170U 020000000000000000000000000000000000000000000000000000000000000000000000000000000000000000000000000000000000000000000000001301201700000000            000000000000000                              000                           
0010001300171T 020180230000001544772 29577050234040104   788888888888889915012017000000000007500001012408888888888888899          0900000000000010000000000000000000000000000000000000000   0000000000000000000000000A9        170192957705     
0010001300172U 020000000000000000000000000000000000000000000000000000000000000000000000000000000000000000000000000000000000000000000000001301201700000000            000000000000000                              000                           
0010001300173T 020180230000001544772 29577050234049664   788888888888889915012017000000000007500001012408888888888888899          0900000000000010000000000000000000000000000000000000000   0000000000000000000000000A9        170192957705     
0010001300174U 020000000000000000000000000000000000000000000000000000000000000000000000000000000000000000000000000000000000000000000000001301201700000000            000000000000000                              000                           
0010001300175T 020180230000001544772 29577050234051274   788888888888889915012017000000000007500001012408888888888888899          0900000000000010000000000000000000000000000000000000000   0000000000000000000000000A9        170192957705     
0010001300176U 020000000000000000000000000000000000000000000000000000000000000000000000000000000000000000000000000000000000000000000000001301201700000000            000000000000000                              000                           
0010001300177T 020180230000001544772 29577050234051430   788888888888889915012017000000000007500001012408888888888888899          0900000000000010000000000000000000000000000000000000000   0000000000000000000000000A9        170192957705     
0010001300178U 020000000000000000000000000000000000000000000000000000000000000000000000000000000000000000000000000000000000000000000000001301201700000000            000000000000000                              000                           
0010001300179T 020180230000001544772 29577050234051900   788888888888889915012017000000000007500001012408888888888888899          0900000000000010000000000000000000000000000000000000000   0000000000000000000000000A9        170192957705     
0010001300180U 020000000000000000000000000000000000000000000000000000000000000000000000000000000000000000000000000000000000000000000000001301201700000000            000000000000000                              000                           
0010001300181T 020180230000001544772 29577050234059375   788888888888889915012017000000000007500001012408888888888888899          0900000000000010000000000000000000000000000000000000000   0000000000000000000000000A9        170192957705     
0010001300182U 020000000000000000000000000000000000000000000000000000000000000000000000000000000000000000000000000000000000000000000000001301201700000000            000000000000000                              000                           
0010001300183T 020180230000001544772 29577050234134477   788888888888889915012017000000000007500001012416888888888888899          0900000000000010000000000000000000000000000000000000000   0000000000000000000000000A9        170192957705     
0010001300184U 020000000000000000000000000000000000000000000000000000000000000000000000000000000000000000000000000000000000000000000000001301201700000000            000000000000000                              000                           
0010001300185T 020180230000001544772 29577050234145234   788888888888889915012017000000000007500001012416888888888888899          0900000000000010000000000000000000000000000000000000000   0000000000000000000000000A9        170192957705     
0010001300186U 020000000000000000000000000000000000000000000000000000000000000000000000000000000000000000000000000000000000000000000000001301201700000000            000000000000000                              000                           
0010001300187T 020180230000001544772 29577050234158225   788888888888889915012017000000000007500001012416888888888888899          0900000000000010000000000000000000000000000000000000000   0000000000000000000000000A9        170192957705     
0010001300188U 020000000000000000000000000000000000000000000000000000000000000000000000000000000000000000000000000000000000000000000000001301201700000000            000000000000000                              000                           
0010001300189T 020180230000001544772 29577050234341811   788888888888889915012017000000000007500001000213888888888888899          0900000000000010000000000000000000000000000000000000000   0000000000000000000000000A9        170192957705     
0010001300190U 020000000000000000000000000000000000000000000000000000000000000000000000000000000000000000000000000000000000000000000000001301201700000000            000000000000000                              000                           
0010001300191T 020180230000001544772 29577050234436361   788888888888889915012017000000000010000001012408888888888888899          0900000000000010000000000000000000000000000000000000000   0000000000000000000000000A9        170192957705     
0010001300192U 020000000000000000000000000000000000000000000000000000000000000000000000000000000000000000000000000000000000000000000000001301201700000000            000000000000000                              000                           
0010001300193T 020180230000001544772 29577050234608150   788888888888889915012017000000000007500001000833888888888888899          0900000000000010000000000000000000000000000000000000000   0000000000000000000000000A9        170192957705     
0010001300194U 020000000000000000000000000000000000000000000000000000000000000000000000000000000000000000000000000000000000000000000000001301201700000000            000000000000000                              000                           
0010001300195T 020180230000001544772 29577050234701485   788888888888889915012017000000000007500001046280888888888888899          0900000000000010000000000000000000000000000000000000000   0000000000000000000000000A9        170192957705     
0010001300196U 020000000000000000000000000000000000000000000000000000000000000000000000000000000000000000000000000000000000000000000000001301201700000000            000000000000000                              000                           
0010001300197T 020180230000001544772 29577050234919556   788888888888889915012017000000000007500001030864888888888888899          0900000000000010000000000000000000000000000000000000000   0000000000000000000000000A9        170192957705     
0010001300198U 020000000000000000000000000000000000000000000000000000000000000000000000000000000000000000000000000000000000000000000000001301201700000000            000000000000000                              000                           
0010001300199T 020180230000001544772 29577050234919746   788888888888889915012017000000000007500001030864888888888888899          0900000000000010000000000000000000000000000000000000000   0000000000000000000000000A9        170192957705     
0010001300200U 020000000000000000000000000000000000000000000000000000000000000000000000000000000000000000000000000000000000000000000000001301201700000000            000000000000000                              000                           
0010001300201T 020180230000001544772 29577050234920964   788888888888889915012017000000000007500001030864888888888888899          0900000000000010000000000000000000000000000000000000000   0000000000000000000000000A9        170192957705     
0010001300202U 020000000000000000000000000000000000000000000000000000000000000000000000000000000000000000000000000000000000000000000000001301201700000000            000000000000000                              000                           
0010001300203T 020180230000001544772 29577050235007966   788888888888889915012017000000000010000001000213888888888888899          0900000000000010000000000000000000000000000000000000000   0000000000000000000000000A9        170192957705     
0010001300204U 020000000000000000000000000000000000000000000000000000000000000000000000000000000000000000000000000000000000000000000000001301201700000000            000000000000000                              000                           
0010001300205T 020180230000001544772 29577050235210990   788888888888889915012017000000000007500001012408888888888888899          0900000000000010000000000000000000000000000000000000000   0000000000000000000000000A9        170192957705     
0010001300206U 020000000000000000000000000000000000000000000000000000000000000000000000000000000000000000000000000000000000000000000000001301201700000000            000000000000000                              000                           
0010001300207T 020180230000001544772 29577050235359931   788888888888889915012017000000000007500001012408888888888888899          0900000000000010500000000000000000000000000000000000000   0000000000000000000000000A9A4      170192957705     
0010001300208U 020000000000000000000000000000000000000000000000000000000000000000000000000000000000000000000000000000000000000000000000001301201700000000            000000000000000                              000                           
0010001300209T 020180230000001544772 29577050235404194   788888888888889915012017000000000010000001000833888888888888899          0900000000000010000000000000000000000000000000000000000   0000000000000000000000000A9        170192957705     
0010001300210U 020000000000000000000000000000000000000000000000000000000000000000000000000000000000000000000000000000000000000000000000001301201700000000            000000000000000                              000                           
0010001300211T 020180230000001544772 29577050235500122   788888888888889915012017000000000007500001021121888888888888899          0900000000000010000000000000000000000000000000000000000   0000000000000000000000000A9        170192957705     
0010001300212U 020000000000000000000000000000000000000000000000000000000000000000000000000000000000000000000000000000000000000000000000001301201700000000            000000000000000                              000                           
0010001300213T 020180230000001544772 29577050235632916   788888888888889915012017000000000007500001000213888888888888899          0900000000000010000000000000000000000000000000000000000   0000000000000000000000000A9        170192957705     
0010001300214U 020000000000000000000000000000000000000000000000000000000000000000000000000000000000000000000000000000000000000000000000001301201700000000            000000000000000                              000                           
0010001300215T 020180230000001544772 29577050235819311   788888888888889915012017000000000007500001012408888888888888899          0900000000000010000000000000000000000000000000000000000   0000000000000000000000000A9        170192957705     
0010001300216U 020000000000000000000000000000000000000000000000000000000000000000000000000000000000000000000000000000000000000000000000001301201700000000            000000000000000                              000                           
0010001300217T 020180230000001544772 29577050236029432   788888888888889915012017000000000007500001032085888888888888899          0900000000000010000000000000000000000000000000000000000   0000000000000000000000000A9        170192957705     
0010001300218U 020000000000000000000000000000000000000000000000000000000000000000000000000000000000000000000000000000000000000000000000001301201700000000            000000000000000                              000                           
0010001300219T 020180230000001544772 29577050236118877   78888888888888991501201700000000000750000103049X888888888888899          0900000000000010000000000000000000000000000000000000000   0000000000000000000000000A9        170192957705     
0010001300220U 020000000000000000000000000000000000000000000000000000000000000000000000000000000000000000000000000000000000000000000000001301201700000000            000000000000000                              000                           
0010001300221T 020180230000001544772 29577050236239306   78888888888888991501201700000000000750000103049X888888888888899          0900000000000010000000000000000000000000000000000000000   0000000000000000000000000A9        170192957705     
0010001300222U 020000000000000000000000000000000000000000000000000000000000000000000000000000000000000000000000000000000000000000000000001301201700000000            000000000000000                              000                           
0010001300223T 020180230000001544772 29577050236340940   788888888888889915012017000000000010000001000833888888888888899          0900000000000010000000000000000000000000000000000000000   0000000000000000000000000A9        170192957705     
0010001300224U 020000000000000000000000000000000000000000000000000000000000000000000000000000000000000000000000000000000000000000000000001301201700000000            000000000000000                              000                           
0010001300225T 020180230000001544772 29577050236458671   78888888888888991501201700000000000750000103049X888888888888899          0900000000000010000000000000000000000000000000000000000   0000000000000000000000000A9        170192957705     
0010001300226U 020000000000000000000000000000000000000000000000000000000000000000000000000000000000000000000000000000000000000000000000001301201700000000            000000000000000                              000                           
0010001300227T 020180230000001544772 29577050236524195   788888888888889915012017000000000007500001000833888888888888899          0900000000000010000000000000000000000000000000000000000   0000000000000000000000000A9        170192957705     
0010001300228U 020000000000000000000000000000000000000000000000000000000000000000000000000000000000000000000000000000000000000000000000001301201700000000            000000000000000                              000                           
0010001300229T 020180230000001544772 29577050236531422   788888888888889915012017000000000007500001000833888888888888899          0900000000000010000000000000000000000000000000000000000   0000000000000000000000000A9        170192957705     
0010001300230U 020000000000000000000000000000000000000000000000000000000000000000000000000000000000000000000000000000000000000000000000001301201700000000            000000000000000                              000                           
0010001300231T 020180230000001544772 29577050236653034   788888888888889915012017000000000010000001012408888888888888899          0900000000000010000000000000000000000000000000000000000   0000000000000000000000000A9        170192957705     
0010001300232U 020000000000000000000000000000000000000000000000000000000000000000000000000000000000000000000000000000000000000000000000001301201700000000            000000000000000                              000                           
0010001300233T 020180230000001544772 29577050236707289   78888888888888991501201700000000000750000103049X888888888888899          0900000000000010000000000000000000000000000000000000000   0000000000000000000000000A9        170192957705     
0010001300234U 020000000000000000000000000000000000000000000000000000000000000000000000000000000000000000000000000000000000000000000000001301201700000000            000000000000000                              000                           
0010001300235T 020180230000001544772 29577050236845600   788888888888889915012017000000000007500001012416888888888888899          0900000000000010000000000000000000000000000000000000000   0000000000000000000000000A9        170192957705     
0010001300236U 020000000000000000000000000000000000000000000000000000000000000000000000000000000000000000000000000000000000000000000000001301201700000000            000000000000000                              000                           
0010001300237T 020180230000001544772 29577050236922720   78888888888888991501201700000000000750000103049X888888888888899          0900000000000010000000000000000000000000000000000000000   0000000000000000000000000A9        170192957705     
0010001300238U 020000000000000000000000000000000000000000000000000000000000000000000000000000000000000000000000000000000000000000000000001301201700000000            000000000000000                              000                           
0010001300239T 020180230000001544772 29577050237058706   788888888888889915012017000000000007500001002224888888888888899          0900000000000010000000000000000000000000000000000000000   0000000000000000000000000A9        170192957705     
0010001300240U 020000000000000000000000000000000000000000000000000000000000000000000000000000000000000000000000000000000000000000000000001301201700000000            000000000000000                              000                           
0010001300241T 020180230000001544772 29577050237131593   788888888888889915012017000000000007500001000213888888888888899          0900000000000010000000000000000000000000000000000000000   0000000000000000000000000A9        170192957705     
0010001300242U 020000000000000000000000000000000000000000000000000000000000000000000000000000000000000000000000000000000000000000000000001301201700000000            000000000000000                              000                           
0010001300243T 020180230000001544772 29577050237219069   788888888888889915012017000000000007500001012416888888888888899          0900000000000010000000000000000000000000000000000000000   0000000000000000000000000A9        170192957705     
0010001300244U 020000000000000000000000000000000000000000000000000000000000000000000000000000000000000000000000000000000000000000000000001301201700000000            000000000000000                              000                           
0010001300245T 020180230000001544772 29577050237338149   788888888888889915012017000000000007500001004782888888888888899          0900000000000010000000000000000000000000000000000000000   0000000000000000000000000A9        170192957705     
0010001300246U 020000000000000000000000000000000000000000000000000000000000000000000000000000000000000000000000000000000000000000000000001301201700000000            000000000000000                              000                           
0010001300247T 020180230000001544772 29577050237407258   788888888888889915012017000000000007500001012416888888888888899          0900000000000010000000000000000000000000000000000000000   0000000000000000000000000A9        170192957705     
0010001300248U 020000000000000000000000000000000000000000000000000000000000000000000000000000000000000000000000000000000000000000000000001301201700000000            000000000000000                              000                           
0010001300249T 020180230000001544772 29577050237502087   788888888888889915012017000000000007500001012416888888888888899          0900000000000010000000000000000000000000000000000000000   0000000000000000000000000A9        170192957705     
0010001300250U 020000000000000000000000000000000000000000000000000000000000000000000000000000000000000000000000000000000000000000000000001301201700000000            000000000000000                              000                           
0010001300251T 020180230000001544772 29577050237646307   788888888888889915012017000000000010000001000213888888888888899          0900000000000010000000000000000000000000000000000000000   0000000000000000000000000A9        170192957705     
0010001300252U 020000000000000000000000000000000000000000000000000000000000000000000000000000000000000000000000000000000000000000000000001301201700000000            000000000000000                              000                           
0010001300253T 020180230000001544772 29577050237702566   788888888888889915012017000000000007500001001554888888888888899          0900000000000010000000000000000000000000000000000000000   0000000000000000000000000A9        170192957705     
0010001300254U 020000000000000000000000000000000000000000000000000000000000000000000000000000000000000000000000000000000000000000000000001301201700000000            000000000000000                              000                           
0010001300255T 020180230000001544772 29577050237850123   788888888888889915012017000000000010000001000833888888888888899          0900000000000010000000000000000000000000000000000000000   0000000000000000000000000A9        170192957705     
0010001300256U 020000000000000000000000000000000000000000000000000000000000000000000000000000000000000000000000000000000000000000000000001301201700000000            000000000000000                              000                           
0010001300257T 020180230000001544772 29577050237956302   788888888888889915012017000000000007500001012408888888888888899          0900000000000010000000000000000000000000000000000000000   0000000000000000000000000A9        170192957705     
0010001300258U 020000000000000000000000000000000000000000000000000000000000000000000000000000000000000000000000000000000000000000000000001301201700000000            000000000000000                              000                           
0010001300259T 020180230000001544772 29577050238025348   788888888888889915012017000000000010000001030864888888888888899          0900000000000010000000000000000000000000000000000000000   0000000000000000000000000A9        170192957705     
0010001300260U 020000000000000000000000000000000000000000000000000000000000000000000000000000000000000000000000000000000000000000000000001301201700000000            000000000000000                              000                           
0010001300261T 020180230000001544772 29577050238129783   788888888888889915012017000000000007500001012408888888888888899          0900000000000010000000000000000000000000000000000000000   0000000000000000000000000A9        170192957705     
0010001300262U 020000000000000000000000000000000000000000000000000000000000000000000000000000000000000000000000000000000000000000000000001301201700000000            000000000000000                              000                           
0010001300263T 020180230000001544772 29577050238245076   78888888888888991501201700000000000750000103049X888888888888899          0900000000000010000000000000000000000000000000000000000   0000000000000000000000000A9        170192957705     
0010001300264U 020000000000000000000000000000000000000000000000000000000000000000000000000000000000000000000000000000000000000000000000001301201700000000            000000000000000                              000                           
0010001300265T 020180230000001544772 29577050238317933   788888888888889915012017000000000007500001012416888888888888899          0900000000000010000000000000000000000000000000000000000   0000000000000000000000000A9        170192957705     
0010001300266U 020000000000000000000000000000000000000000000000000000000000000000000000000000000000000000000000000000000000000000000000001301201700000000            000000000000000                              000                           
0010001300267T 020180230000001544772 29577050238443532   78888888888888991501201700000000000750000103049X888888888888899          0900000000000010500000000000000000000000000000000000000   0000000000000000000000000A9A4      170192957705     
0010001300268U 020000000000000000000000000000000000000000000000000000000000000000000000000000000000000000000000000000000000000000000000001301201700000000            000000000000000                              000                           
0010001300269T 170180230000001544772 29577050094113806   7               0000000000000000000750000103049X                         0900000000000010000000000000000000000000000000000000000   000000000000000000000070003        170192957705     
0010001300270U 170000000000000000000000000000000000000000000000000000000000000000000000075000000000000068000000000000000000000000000000001301201716012017            000000000000000                              000                           
0010001300271T 060180230000001544772 29577050174818529   788888888888889915012017000000000007500104001710888888888888899          0900000000000010000000000000000000000000000000000000000   000000000000000000000029000        170192957705     
0010001300272U 060000000000000000000000000000000000000000000000000000000000000000000000075000000000000072100000000000000000000000000000001301201716012017            000000000000000                              000                           
0010001300273T 170180230000001544772 29577050175044828   7               00000000000000000007500021000870                         0900000000000010000000000000000000000000000000000000000   000000000000000000000070003        170192957705     
0010001300274U 170000000000000000000000000000000000000000000000000000000000000000000000075000000000000068000000000000000000000000000000001301201716012017            000000000000000                              000                           
0010001300275T 170180230000001544772 29577050181956667   7               00000000000000000007500104018210                         0900000000000010000000000000000000000000000000000000000   000000000000000000000070003        170192957705     
0010001300276U 170000000000000000000000000000000000000000000000000000000000000000000000075000000000000068000000000000000000000000000000001301201716012017            000000000000000                              000                           
0010001300277T 060180230000001544772 29577050206805592   788888888888889915012017000000000007500001001945888888888888899          0900000000000010000000000000000000000000000000000000000   000000000000000000000029000        170192957705     
0010001300278U 060000000000000000000000000000000000000000000000000000000000000000000000075000000000000072100000000000000000000000000000001301201716012017            000000000000000                              000                           
0010001300279T 060180230000001544772 29577050207739765   788888888888889915012017000000000010000104036300888888888888899          0900000000000010000000000000000000000000000000000000000   000000000000000000000029000        170192957705     
0010001300280U 060000000000000000000000000000000000000000000000000000000000000000000000100000000000000097100000000000000000000000000000001301201716012017            000000000000000                              000                           
0010001300281T 060180230000001544772 29577050220159998   788888888888889914012017000000000007500001031941888888888888899          0900000000000010000000000000000000000000000000000000000   000000000000000000000029000        170192957705     
0010001300282U 060000000000000000000000000000000000000000000000000000000000000000000000075000000000000072100000000000000000000000000000001301201716012017            000000000000000                              000                           
0010001300283T 170180230000001544772 29577050227755053   7               00000000000000000007500104015640                         0900000000000010000000000000000000000000000000000000000   000000000000000000000070003        170192957705     
0010001300284U 170000000000000000000000000000000000000000000000000000000000000000000000075000000000000068000000000000000000000000000000001301201716012017            000000000000000                              000                           
0010001300285T 170180230000001544772 29577050227900249   7               00000000000000000007500237021970                         0900000000000010000000000000000000000000000000000000000   000000000000000000000070003        170192957705     
0010001300286U 170000000000000000000000000000000000000000000000000000000000000000000000075000000000000068000000000000000000000000000000001301201716012017            000000000000000                              000                           
0010001300287T 060180230000001544772 29577050229421445   788888888888889915012017000000000007500104031320888888888888899          0900000000000010000000000000000000000000000000000000000   000000000000000000000029000        170192957705     
0010001300288U 060000000000000000000000000000000000000000000000000000000000000000000000075000000000000072100000000000000000000000000000001301201716012017            000000000000000                              000                           
0010001300289T 060180230000001544772 29577050229756572   788888888888889915012017000000000010000001012416888888888888899          0900000000000010000000000000000000000000000000000000000   000000000000000000000029000        170192957705     
0010001300290U 060000000000000000000000000000000000000000000000000000000000000000000000100000000000000097100000000000000000000000000000001301201716012017            000000000000000                              000                           
0010001300291T 060180230000001544772 29577050231909909   788888888888889915012017000000000007500021001840888888888888899          0900000000000010000000000000000000000000000000000000000   000000000000000000000029000        170192957705     
0010001300292U 060000000000000000000000000000000000000000000000000000000000000000000000075000000000000072100000000000000000000000000000001301201716012017            000000000000000                              000                           
0010001300293T 060180230000001544772 29577050233440455   788888888888889915012017000000000007500104008230888888888888899          0900000000000010000000000000000000000000000000000000000   000000000000000000000029000        170192957705     
0010001300294U 060000000000000000000000000000000000000000000000000000000000000000000000075000000000000072100000000000000000000000000000001301201716012017            000000000000000                              000                           
0010001300295T 060180230000001544772 29577050235359931   788888888888889915012017000000000007500104020990888888888888899          0900000000000010000000000000000000000000000000000000000   000000000000000000000029000        170192957705     
0010001300296U 060000000000000000000000000000000000000000000000000000000000000000000000075000000000000072100000000000000000000000000000001301201716012017            000000000000000                              000                           
0010001300297T 060180230000001544772 29577050235500122   788888888888889915012017000000000007500756011900888888888888899          0900000000000010000000000000000000000000000000000000000   000000000000000000000029000        170192957705     
0010001300298U 060000000000000000000000000000000000000000000000000000000000000000000000075000000000000072100000000000000000000000000000001301201716012017            000000000000000                              000                           
0010001300299T 060180230000001544772 29577050236340940   788888888888889915012017000000000010000104036300888888888888899          0900000000000010000000000000000000000000000000000000000   000000000000000000000029000        170192957705     
0010001300300U 060000000000000000000000000000000000000000000000000000000000000000000000100000000000000097100000000000000000000000000000001301201716012017            000000000000000                              000                           
0010001300301T 030180230000001544772 29577050004903031   78888888888888991501201700000000000750000100000 888888888888899          0900000000000000000000000000000000000000000000000000000   000000000000000000000000046        170192957705     
0010001300302U 030000000000000000000000000000000000000000000000000000000000000000000000000000000000000000000000000000000000000000000000001301201700000000            000000000000000                              000                           
0010001300303T 030180230000001544772 29577050230608282   78888888888888991501201700000000000750000100000 888888888888899          0900000000000000000000000000000000000000000000000000000   000000000000000000000000046        170192957705     
0010001300304U 030000000000000000000000000000000000000000000000000000000000000000000000000000000000000000000000000000000000000000000000001301201700000000            000000000000000                              000                           
0010001300305T 030180230000001544772 29577050230613880   78888888888888991501201700000000000750000100000 888888888888899          0900000000000000000000000000000000000000000000000000000   000000000000000000000000046        170192957705     
0010001300306U 030000000000000000000000000000000000000000000000000000000000000000000000000000000000000000000000000000000000000000000000001301201700000000            000000000000000                              000                           
0010001300307T 030180230000001544772 29577050230618052   78888888888888991501201700000000000750000100000 888888888888899          0900000000000000000000000000000000000000000000000000000   000000000000000000000000046        170192957705     
0010001300308U 030000000000000000000000000000000000000000000000000000000000000000000000000000000000000000000000000000000000000000000000001301201700000000            000000000000000                              000                           
0010001300309T 030180230000001544772 29577050230652881   78888888888888991501201700000000000750000100000 888888888888899          0900000000000000000000000000000000000000000000000000000   000000000000000000000000046        170192957705     
0010001300310U 030000000000000000000000000000000000000000000000000000000000000000000000000000000000000000000000000000000000000000000000001301201700000000            000000000000000                              000                           
0010001300311T 030180230000001544772 29577050230659537   78888888888888991501201700000000000750000100000 888888888888899          0900000000000000000000000000000000000000000000000000000   000000000000000000000000046        170192957705     
0010001300312U 030000000000000000000000000000000000000000000000000000000000000000000000000000000000000000000000000000000000000000000000001301201700000000            000000000000000                              000                           
0010001300313T 030180230000001544772 29577050230741831   78888888888888991501201700000000000750000100000 888888888888899          0900000000000000000000000000000000000000000000000000000   000000000000000000000000046        170192957705     
0010001300314U 030000000000000000000000000000000000000000000000000000000000000000000000000000000000000000000000000000000000000000000000001301201700000000            000000000000000                              000                           
0010001300315T 030180230000001544772 29577050231406856   78888888888888991501201700000000000750000100000 888888888888899          0900000000000000000000000000000000000000000000000000000   000000000000000000000000046        170192957705     
0010001300316U 030000000000000000000000000000000000000000000000000000000000000000000000000000000000000000000000000000000000000000000000001301201700000000            000000000000000                              000                           
00100015         000318000960000000000073890000000000000000000000000000000000000000000000000000000000000000000000000000000000000000000000000000000                                                                                              
00199999         000001000320000000                                                                                                                                                            00000000000000000000000000000                    
