00100000         2247745860001000029577050014       0180230000001544772 INSTITUTO DE SELECAO E TECNOLOBANCO DO BRASIL                         22001201702040600006003000000515122941PROCESSAMEN                                                 
00100011T0100020 20247745860001000029577050014       0180230000001544772 INSTITUTO DE SELECAO E TECNOLO                                                                                000000002001201700000000  000000000                      
0010001300001T 020180230000001544772 29577050027617996   78888888888888992201201700000000000750000103049X888888888888899          0900000000000010000000000000000000000000000000000000000   0000000000000000000000000A9        170192957705     
0010001300002U 020000000000000000000000000000000000000000000000000000000000000000000000000000000000000000000000000000000000000000000000002001201700000000            000000000000000                              000                           
0010001300003T 020180230000001544772 29577050046209459   788888888888889922012017000000000007500001012408888888888888899          0900000000000010000000000000000000000000000000000000000   0000000000000000000000000A9        170192957705     
0010001300004U 020000000000000000000000000000000000000000000000000000000000000000000000000000000000000000000000000000000000000000000000002001201700000000            000000000000000                              000                           
0010001300005T 020180230000001544772 29577050046235067   788888888888889922012017000000000007500001012408888888888888899          0900000000000010000000000000000000000000000000000000000   0000000000000000000000000A9        170192957705     
0010001300006U 020000000000000000000000000000000000000000000000000000000000000000000000000000000000000000000000000000000000000000000000002001201700000000            000000000000000                              000                           
0010001300007T 020180230000001544772 29577050046251839   788888888888889922012017000000000007500001012408888888888888899          0900000000000010000000000000000000000000000000000000000   0000000000000000000000000A9        170192957705     
0010001300008U 020000000000000000000000000000000000000000000000000000000000000000000000000000000000000000000000000000000000000000000000002001201700000000            000000000000000                              000                           
0010001300009T 020180230000001544772 29577050058228329   78888888888888992201201700000000000750000103049X888888888888899          0900000000000010000000000000000000000000000000000000000   0000000000000000000000000A9        170192957705     
0010001300010U 020000000000000000000000000000000000000000000000000000000000000000000000000000000000000000000000000000000000000000000000002001201700000000            000000000000000                              000                           
0010001300011T 020180230000001544772 29577050090643348   788888888888889922012017000000000007500001000213888888888888899          0900000000000010000000000000000000000000000000000000000   0000000000000000000000000A9        170192957705     
0010001300012U 020000000000000000000000000000000000000000000000000000000000000000000000000000000000000000000000000000000000000000000000002001201700000000            000000000000000                              000                           
0010001300013T 020180230000001544772 29577050272406381   788888888888889922012017000000000007500001000213888888888888899          0900000000000010000000000000000000000000000000000000000   0000000000000000000000000A9        170192957705     
0010001300014U 020000000000000000000000000000000000000000000000000000000000000000000000000000000000000000000000000000000000000000000000002001201700000000            000000000000000                              000                           
0010001300015T 020180230000001544772 29577050278332168   788888888888889922012017000000000007500001012408888888888888899          0900000000000010000000000000000000000000000000000000000   0000000000000000000000000A9        170192957705     
0010001300016U 020000000000000000000000000000000000000000000000000000000000000000000000000000000000000000000000000000000000000000000000002001201700000000            000000000000000                              000                           
0010001300017T 020180230000001544772 29577050278438584   788888888888889922012017000000000007500001009245888888888888899          0900000000000010000000000000000000000000000000000000000   0000000000000000000000000A9        170192957705     
0010001300018U 020000000000000000000000000000000000000000000000000000000000000000000000000000000000000000000000000000000000000000000000002001201700000000            000000000000000                              000                           
0010001300019T 020180230000001544772 29577050278514711   788888888888889922012017000000000007500001000213888888888888899          0900000000000010000000000000000000000000000000000000000   0000000000000000000000000A9        170192957705     
0010001300020U 020000000000000000000000000000000000000000000000000000000000000000000000000000000000000000000000000000000000000000000000002001201700000000            000000000000000                              000                           
0010001300021T 020180230000001544772 29577050278522333   788888888888889922012017000000000007500001000213888888888888899          0900000000000010000000000000000000000000000000000000000   0000000000000000000000000A9        170192957705     
0010001300022U 020000000000000000000000000000000000000000000000000000000000000000000000000000000000000000000000000000000000000000000000002001201700000000            000000000000000                              000                           
0010001300023T 020180230000001544772 29577050278617771   788888888888889922012017000000000007500001000213888888888888899          0900000000000010000000000000000000000000000000000000000   0000000000000000000000000A9        170192957705     
0010001300024U 020000000000000000000000000000000000000000000000000000000000000000000000000000000000000000000000000000000000000000000000002001201700000000            000000000000000                              000                           
0010001300025T 020180230000001544772 29577050278811373   788888888888889922012017000000000007500001000485888888888888899          0900000000000010500000000000000000000000000000000000000   0000000000000000000000000A9A4      170192957705     
0010001300026U 020000000000000000000000000000000000000000000000000000000000000000000000000000000000000000000000000000000000000000000000002001201700000000            000000000000000                              000                           
0010001300027T 020180230000001544772 29577050278940134   78888888888888992201201700000000000750000103049X888888888888899          0900000000000010000000000000000000000000000000000000000   0000000000000000000000000A9        170192957705     
0010001300028U 020000000000000000000000000000000000000000000000000000000000000000000000000000000000000000000000000000000000000000000000002001201700000000            000000000000000                              000                           
0010001300029T 020180230000001544772 29577050279155344   788888888888889922012017000000000007500001012408888888888888899          0900000000000010000000000000000000000000000000000000000   0000000000000000000000000A9        170192957705     
0010001300030U 020000000000000000000000000000000000000000000000000000000000000000000000000000000000000000000000000000000000000000000000002001201700000000            000000000000000                              000                           
0010001300031T 020180230000001544772 29577050279206552   78888888888888992201201700000000000750000103049X888888888888899          0900000000000010000000000000000000000000000000000000000   0000000000000000000000000A9        170192957705     
0010001300032U 020000000000000000000000000000000000000000000000000000000000000000000000000000000000000000000000000000000000000000000000002001201700000000            000000000000000                              000                           
0010001300033T 060180230000001544772 29577050058228329   788888888888889922012017000000000007500033022880888888888888899          0900000000000010000000000000000000000000000000000000000   000000000000000000000029000        170192957705     
0010001300034U 060000000000000000000000000000000000000000000000000000000000000000000000075000000000000072100000000000000000000000000000002001201723012017            000000000000000                              000                           
0010001300035T 060180230000001544772 29577050066433147   788888888888889920012017000000000007500104034890888888888888899          0900000000000010000000000000000000000000000000000000000   000000000000000000000029000        170192957705     
0010001300036U 060000000000000000000000000000000000000000000000000000000000000000000000075000000000000072100000000000000000000000000000002001201723012017            000000000000000                              000                           
0010001300037T 060180230000001544772 29577050090643348   788888888888889922012017000000000007500021001060888888888888899          0900000000000010000000000000000000000000000000000000000   000000000000000000000029000        170192957705     
0010001300038U 060000000000000000000000000000000000000000000000000000000000000000000000075000000000000072100000000000000000000000000000002001201723012017            000000000000000                              000                           
0010001300039T 060180230000001544772 29577050149255934   788888888888889920012017000000000007500021001040888888888888899          0900000000000010000000000000000000000000000000000000000   000000000000000000000029000        170192957705     
0010001300040U 060000000000000000000000000000000000000000000000000000000000000000000000075000000000000072100000000000000000000000000000002001201723012017            000000000000000                              000                           
0010001300041T 060180230000001544772 29577050200210002   788888888888889920012017000000000007500001012416888888888888899          0900000000000010000000000000000000000000000000000000000   000000000000000000000029000        170192957705     
0010001300042U 060000000000000000000000000000000000000000000000000000000000000000000000075000000000000072100000000000000000000000000000002001201723012017            000000000000000                              000                           
0010001300043T 060180230000001544772 29577050264632396   788888888888889920012017000000000007500021002760888888888888899          0900000000000010000000000000000000000000000000000000000   000000000000000000000029000        170192957705     
0010001300044U 060000000000000000000000000000000000000000000000000000000000000000000000075000000000000072100000000000000000000000000000002001201723012017            000000000000000                              000                           
0010001300045T 060180230000001544772 29577050269047057   788888888888889920012017000000000010000104001080888888888888899          0900000000000010000000000000000000000000000000000000000   000000000000000000000029000        170192957705     
0010001300046U 060000000000000000000000000000000000000000000000000000000000000000000000100000000000000097100000000000000000000000000000002001201723012017            000000000000000                              000                           
0010001300047T 060180230000001544772 29577050272406381   788888888888889922012017000000000007500104020420888888888888899          0900000000000010000000000000000000000000000000000000000   000000000000000000000029000        170192957705     
0010001300048U 060000000000000000000000000000000000000000000000000000000000000000000000075000000000000072100000000000000000000000000000002001201723012017            000000000000000                              000                           
0010001300049T 060180230000001544772 29577050272736666   788888888888889920012017000000000007500341065090888888888888899          0900000000000010000000000000000000000000000000000000000   000000000000000000000029000        170192957705     
0010001300050U 060000000000000000000000000000000000000000000000000000000000000000000000075000000000000072100000000000000000000000000000002001201723012017            000000000000000                              000                           
0010001300051T 060180230000001544772 29577050273109223   788888888888889920012017000000000010000237029340888888888888899          0900000000000010000000000000000000000000000000000000000   000000000000000000000029000        170192957705     
0010001300052U 060000000000000000000000000000000000000000000000000000000000000000000000100000000000000097100000000000000000000000000000002001201723012017            000000000000000                              000                           
0010001300053T 170180230000001544772 29577050277533065   7               00000000000000000007500341092880                         0900000000000010000000000000000000000000000000000000000   000000000000000000000070003        170192957705     
0010001300054U 170000000000000000000000000000000000000000000000000000000000000000000000075000000000000068000000000000000000000000000000002001201723012017            000000000000000                              000                           
0010001300055T 170180230000001544772 29577050278110528   7               00000000000000000007500341092880                         0900000000000010000000000000000000000000000000000000000   000000000000000000000070003        170192957705     
0010001300056U 170000000000000000000000000000000000000000000000000000000000000000000000075000000000000068000000000000000000000000000000002001201723012017            000000000000000                              000                           
0010001300057T 060180230000001544772 29577050279206552   788888888888889922012017000000000007500033022880888888888888899          0900000000000010000000000000000000000000000000000000000   000000000000000000000029000        170192957705     
0010001300058U 060000000000000000000000000000000000000000000000000000000000000000000000075000000000000072100000000000000000000000000000002001201723012017            000000000000000                              000                           
0010001300059T 170180230000001544772 29577050279306050   7               00000000000000000007500001012416                         0900000000000010000000000000000000000000000000000000000   000000000000000000000070003        170192957705     
0010001300060U 170000000000000000000000000000000000000000000000000000000000000000000000075000000000000068000000000000000000000000000000002001201723012017            000000000000000                              000                           
00100015         000062001472000000000113040000000000000000000000000000000000000000000000000000000000000000000000000000000000000000000000000000000                                                                                              
00199999         000001000064000000                                                                                                                                                            00000000000000000000000000000                    
