00100000         2247745860001000029577050014       0180230000001544772 INSTITUTO DE SELECAO E TECNOLOBANCO DO BRASIL                         22401201701240400006403000000515122941PROCESSAMEN                                                 
00100011T0100020 20247745860001000029577050014       0180230000001544772 INSTITUTO DE SELECAO E TECNOLO                                                                                000000002401201700000000  000000000                      
0010001300001T 020180230000001544772 29577050037921577   78888888888888992601201700000000000750000103049X888888888888899          0900000000000010000000000000000000000000000000000000000   0000000000000000000000000A9        170192957705     
0010001300002U 020000000000000000000000000000000000000000000000000000000000000000000000000000000000000000000000000000000000000000000000002401201700000000            000000000000000                              000                           
0010001300003T 020180230000001544772 29577050037925816   78888888888888992601201700000000000750000103049X888888888888899          0900000000000010000000000000000000000000000000000000000   0000000000000000000000000A9        170192957705     
0010001300004U 020000000000000000000000000000000000000000000000000000000000000000000000000000000000000000000000000000000000000000000000002401201700000000            000000000000000                              000                           
0010001300005T 020180230000001544772 29577050039951519   788888888888889926012017000000000007500001012416888888888888899          0900000000000010000000000000000000000000000000000000000   0000000000000000000000000A9        170192957705     
0010001300006U 020000000000000000000000000000000000000000000000000000000000000000000000000000000000000000000000000000000000000000000000002401201700000000            000000000000000                              000                           
0010001300007T 020180230000001544772 29577050039958987   788888888888889926012017000000000007500001012416888888888888899          0900000000000010000000000000000000000000000000000000000   0000000000000000000000000A9        170192957705     
0010001300008U 020000000000000000000000000000000000000000000000000000000000000000000000000000000000000000000000000000000000000000000000002401201700000000            000000000000000                              000                           
0010001300009T 020180230000001544772 29577050041313017   788888888888889926012017000000000007500001012416888888888888899          0900000000000010000000000000000000000000000000000000000   0000000000000000000000000A9        170192957705     
0010001300010U 020000000000000000000000000000000000000000000000000000000000000000000000000000000000000000000000000000000000000000000000002401201700000000            000000000000000                              000                           
0010001300011T 020180230000001544772 29577050042759248   788888888888889926012017000000000007500001000213888888888888899          0900000000000010000000000000000000000000000000000000000   0000000000000000000000000A9        170192957705     
0010001300012U 020000000000000000000000000000000000000000000000000000000000000000000000000000000000000000000000000000000000000000000000002401201700000000            000000000000000                              000                           
0010001300013T 020180230000001544772 29577050042908085   788888888888889926012017000000000007500001000213888888888888899          0900000000000010000000000000000000000000000000000000000   0000000000000000000000000A9        170192957705     
0010001300014U 020000000000000000000000000000000000000000000000000000000000000000000000000000000000000000000000000000000000000000000000002401201700000000            000000000000000                              000                           
0010001300015T 020180230000001544772 29577050044127836   788888888888889926012017000000000007500001012408888888888888899          0900000000000010000000000000000000000000000000000000000   0000000000000000000000000A9        170192957705     
0010001300016U 020000000000000000000000000000000000000000000000000000000000000000000000000000000000000000000000000000000000000000000000002401201700000000            000000000000000                              000                           
0010001300017T 020180230000001544772 29577050044154756   788888888888889926012017000000000007500001012408888888888888899          0900000000000010000000000000000000000000000000000000000   0000000000000000000000000A9        170192957705     
0010001300018U 020000000000000000000000000000000000000000000000000000000000000000000000000000000000000000000000000000000000000000000000002401201700000000            000000000000000                              000                           
0010001300019T 020180230000001544772 29577050044407905   788888888888889926012017000000000007500001012408888888888888899          0900000000000010000000000000000000000000000000000000000   0000000000000000000000000A9        170192957705     
0010001300020U 020000000000000000000000000000000000000000000000000000000000000000000000000000000000000000000000000000000000000000000000002401201700000000            000000000000000                              000                           
0010001300021T 020180230000001544772 29577050045606459   788888888888889926012017000000000007500001000213888888888888899          0900000000000010000000000000000000000000000000000000000   0000000000000000000000000A9        170192957705     
0010001300022U 020000000000000000000000000000000000000000000000000000000000000000000000000000000000000000000000000000000000000000000000002401201700000000            000000000000000                              000                           
0010001300023T 020180230000001544772 29577050045706248   788888888888889926012017000000000007500001000213888888888888899          0900000000000010000000000000000000000000000000000000000   0000000000000000000000000A9        170192957705     
0010001300024U 020000000000000000000000000000000000000000000000000000000000000000000000000000000000000000000000000000000000000000000000002401201700000000            000000000000000                              000                           
0010001300025T 020180230000001544772 29577050047441404   78888888888888992601201700000000000750000103049X888888888888899          0900000000000010000000000000000000000000000000000000000   0000000000000000000000000A9        170192957705     
0010001300026U 020000000000000000000000000000000000000000000000000000000000000000000000000000000000000000000000000000000000000000000000002401201700000000            000000000000000                              000                           
0010001300027T 020180230000001544772 29577050048056414   788888888888889926012017000000000007500001010561888888888888899          0900000000000010000000000000000000000000000000000000000   0000000000000000000000000A9        170192957705     
0010001300028U 020000000000000000000000000000000000000000000000000000000000000000000000000000000000000000000000000000000000000000000000002401201700000000            000000000000000                              000                           
0010001300029T 020180230000001544772 29577050049330708   788888888888889926012017000000000007500001000213888888888888899          0900000000000010000000000000000000000000000000000000000   0000000000000000000000000A9        170192957705     
0010001300030U 020000000000000000000000000000000000000000000000000000000000000000000000000000000000000000000000000000000000000000000000002401201700000000            000000000000000                              000                           
0010001300031T 020180230000001544772 29577050049815733   78888888888888992601201700000000000750000103049X888888888888899          0900000000000010000000000000000000000000000000000000000   0000000000000000000000000A9        170192957705     
0010001300032U 020000000000000000000000000000000000000000000000000000000000000000000000000000000000000000000000000000000000000000000000002401201700000000            000000000000000                              000                           
0010001300033T 020180230000001544772 29577050053738636   788888888888889926012017000000000007500001012416888888888888899          0900000000000010000000000000000000000000000000000000000   0000000000000000000000000A9        170192957705     
0010001300034U 020000000000000000000000000000000000000000000000000000000000000000000000000000000000000000000000000000000000000000000000002401201700000000            000000000000000                              000                           
0010001300035T 020180230000001544772 29577050054059284   788888888888889926012017000000000007500001000213888888888888899          0900000000000010000000000000000000000000000000000000000   0000000000000000000000000A9        170192957705     
0010001300036U 020000000000000000000000000000000000000000000000000000000000000000000000000000000000000000000000000000000000000000000000002401201700000000            000000000000000                              000                           
0010001300037T 020180230000001544772 29577050098232197   788888888888889926012017000000000007500001012408888888888888899          0900000000000010000000000000000000000000000000000000000   0000000000000000000000000A9        170192957705     
0010001300038U 020000000000000000000000000000000000000000000000000000000000000000000000000000000000000000000000000000000000000000000000002401201700000000            000000000000000                              000                           
0010001300039T 020180230000001544772 29577050098321042   788888888888889926012017000000000007500001012408888888888888899          0900000000000010000000000000000000000000000000000000000   0000000000000000000000000A9        170192957705     
0010001300040U 020000000000000000000000000000000000000000000000000000000000000000000000000000000000000000000000000000000000000000000000002401201700000000            000000000000000                              000                           
0010001300041T 020180230000001544772 29577050148123096   788888888888889926012017000000000007500001012416888888888888899          0900000000000010000000000000000000000000000000000000000   0000000000000000000000000A9        170192957705     
0010001300042U 020000000000000000000000000000000000000000000000000000000000000000000000000000000000000000000000000000000000000000000000002401201700000000            000000000000000                              000                           
0010001300043T 020180230000001544772 29577050148144446   788888888888889926012017000000000007500001012416888888888888899          0900000000000010000000000000000000000000000000000000000   0000000000000000000000000A9        170192957705     
0010001300044U 020000000000000000000000000000000000000000000000000000000000000000000000000000000000000000000000000000000000000000000000002401201700000000            000000000000000                              000                           
0010001300045T 020180230000001544772 29577050160022380   78888888888888992601201700000000000750000103049X888888888888899          0900000000000010000000000000000000000000000000000000000   0000000000000000000000000A9        170192957705     
0010001300046U 020000000000000000000000000000000000000000000000000000000000000000000000000000000000000000000000000000000000000000000000002401201700000000            000000000000000                              000                           
0010001300047T 020180230000001544772 29577050165103709   788888888888889926012017000000000007500001008338888888888888899          0900000000000010000000000000000000000000000000000000000   0000000000000000000000000A9        170192957705     
0010001300048U 020000000000000000000000000000000000000000000000000000000000000000000000000000000000000000000000000000000000000000000000002401201700000000            000000000000000                              000                           
0010001300049T 020180230000001544772 29577050165126927   788888888888889926012017000000000007500001008338888888888888899          0900000000000010000000000000000000000000000000000000000   0000000000000000000000000A9        170192957705     
0010001300050U 020000000000000000000000000000000000000000000000000000000000000000000000000000000000000000000000000000000000000000000000002401201700000000            000000000000000                              000                           
0010001300051T 020180230000001544772 29577050185203662   788888888888889926012017000000000007500001000213888888888888899          0900000000000010000000000000000000000000000000000000000   0000000000000000000000000A9        170192957705     
0010001300052U 020000000000000000000000000000000000000000000000000000000000000000000000000000000000000000000000000000000000000000000000002401201700000000            000000000000000                              000                           
0010001300053T 020180230000001544772 29577050223711128   788888888888889926012017000000000007500001000213888888888888899          0900000000000010000000000000000000000000000000000000000   0000000000000000000000000A9        170192957705     
0010001300054U 020000000000000000000000000000000000000000000000000000000000000000000000000000000000000000000000000000000000000000000000002401201700000000            000000000000000                              000                           
0010001300055T 020180230000001544772 29577050223733037   788888888888889926012017000000000007500001000213888888888888899          0900000000000010000000000000000000000000000000000000000   0000000000000000000000000A9        170192957705     
0010001300056U 020000000000000000000000000000000000000000000000000000000000000000000000000000000000000000000000000000000000000000000000002401201700000000            000000000000000                              000                           
0010001300057T 020180230000001544772 29577050223756226   788888888888889926012017000000000007500001000213888888888888899          0900000000000010000000000000000000000000000000000000000   0000000000000000000000000A9        170192957705     
0010001300058U 020000000000000000000000000000000000000000000000000000000000000000000000000000000000000000000000000000000000000000000000002401201700000000            000000000000000                              000                           
0010001300059T 020180230000001544772 29577050256920140   788888888888889926012017000000000007500001000213888888888888899          0900000000000010000000000000000000000000000000000000000   0000000000000000000000000A9        170192957705     
0010001300060U 020000000000000000000000000000000000000000000000000000000000000000000000000000000000000000000000000000000000000000000000002401201700000000            000000000000000                              000                           
0010001300061T 020180230000001544772 29577050270523550   788888888888889926012017000000000007500001012416888888888888899          0900000000000010000000000000000000000000000000000000000   0000000000000000000000000A9        170192957705     
0010001300062U 020000000000000000000000000000000000000000000000000000000000000000000000000000000000000000000000000000000000000000000000002401201700000000            000000000000000                              000                           
0010001300063T 020180230000001544772 29577050273709516   788888888888889926012017000000000007500001001554888888888888899          0900000000000010000000000000000000000000000000000000000   0000000000000000000000000A9        170192957705     
0010001300064U 020000000000000000000000000000000000000000000000000000000000000000000000000000000000000000000000000000000000000000000000002401201700000000            000000000000000                              000                           
0010001300065T 020180230000001544772 29577050273739328   788888888888889926012017000000000007500001001554888888888888899          0900000000000010000000000000000000000000000000000000000   0000000000000000000000000A9        170192957705     
0010001300066U 020000000000000000000000000000000000000000000000000000000000000000000000000000000000000000000000000000000000000000000000002401201700000000            000000000000000                              000                           
0010001300067T 020180230000001544772 29577050275546621   788888888888889926012017000000000007500001000213888888888888899          0900000000000010000000000000000000000000000000000000000   0000000000000000000000000A9        170192957705     
0010001300068U 020000000000000000000000000000000000000000000000000000000000000000000000000000000000000000000000000000000000000000000000002401201700000000            000000000000000                              000                           
0010001300069T 020180230000001544772 29577050280316371   788888888888889926012017000000000007500001012408888888888888899          0900000000000010000000000000000000000000000000000000000   0000000000000000000000000A9        170192957705     
0010001300070U 020000000000000000000000000000000000000000000000000000000000000000000000000000000000000000000000000000000000000000000000002401201700000000            000000000000000                              000                           
0010001300071T 020180230000001544772 29577050281853992   788888888888889926012017000000000007500001004782888888888888899          0900000000000010000000000000000000000000000000000000000   0000000000000000000000000A9        170192957705     
0010001300072U 020000000000000000000000000000000000000000000000000000000000000000000000000000000000000000000000000000000000000000000000002401201700000000            000000000000000                              000                           
0010001300073T 020180230000001544772 29577050282351135   78888888888888992601201700000000000750000103049X888888888888899          0900000000000010000000000000000000000000000000000000000   0000000000000000000000000A9        170192957705     
0010001300074U 020000000000000000000000000000000000000000000000000000000000000000000000000000000000000000000000000000000000000000000000002401201700000000            000000000000000                              000                           
0010001300075T 020180230000001544772 29577050284159993   788888888888889926012017000000000007500001012408888888888888899          0900000000000010000000000000000000000000000000000000000   0000000000000000000000000A9        170192957705     
0010001300076U 020000000000000000000000000000000000000000000000000000000000000000000000000000000000000000000000000000000000000000000000002401201700000000            000000000000000                              000                           
0010001300077T 020180230000001544772 29577050284502186   78888888888888992601201700000000000750000100166X888888888888899          0900000000000010500000000000000000000000000000000000000   0000000000000000000000000A9A4      170192957705     
0010001300078U 020000000000000000000000000000000000000000000000000000000000000000000000000000000000000000000000000000000000000000000000002401201700000000            000000000000000                              000                           
0010001300079T 020180230000001544772 29577050306230559   78888888888888992601201700000000000750000103049X888888888888899          0900000000000010000000000000000000000000000000000000000   0000000000000000000000000A9        170192957705     
0010001300080U 020000000000000000000000000000000000000000000000000000000000000000000000000000000000000000000000000000000000000000000000002401201700000000            000000000000000                              000                           
0010001300081T 020180230000001544772 29577050306335845   788888888888889926012017000000000007500001012408888888888888899          0900000000000010000000000000000000000000000000000000000   0000000000000000000000000A9        170192957705     
0010001300082U 020000000000000000000000000000000000000000000000000000000000000000000000000000000000000000000000000000000000000000000000002401201700000000            000000000000000                              000                           
0010001300083T 020180230000001544772 29577050306456451   78888888888888992601201700000000000750000103049X888888888888899          0900000000000010000000000000000000000000000000000000000   0000000000000000000000000A9        170192957705     
0010001300084U 020000000000000000000000000000000000000000000000000000000000000000000000000000000000000000000000000000000000000000000000002401201700000000            000000000000000                              000                           
0010001300085T 020180230000001544772 29577050306506914   788888888888889926012017000000000007500001012416888888888888899          0900000000000010000000000000000000000000000000000000000   0000000000000000000000000A9        170192957705     
0010001300086U 020000000000000000000000000000000000000000000000000000000000000000000000000000000000000000000000000000000000000000000000002401201700000000            000000000000000                              000                           
0010001300087T 020180230000001544772 29577050306602541   788888888888889926012017000000000007500001012408888888888888899          0900000000000010000000000000000000000000000000000000000   0000000000000000000000000A9        170192957705     
0010001300088U 020000000000000000000000000000000000000000000000000000000000000000000000000000000000000000000000000000000000000000000000002401201700000000            000000000000000                              000                           
0010001300089T 020180230000001544772 29577050306640395   788888888888889926012017000000000007500001012408888888888888899          0900000000000010000000000000000000000000000000000000000   0000000000000000000000000A9        170192957705     
0010001300090U 020000000000000000000000000000000000000000000000000000000000000000000000000000000000000000000000000000000000000000000000002401201700000000            000000000000000                              000                           
0010001300091T 020180230000001544772 29577050306805455   788888888888889926012017000000000007500001012408888888888888899          0900000000000010000000000000000000000000000000000000000   0000000000000000000000000A9        170192957705     
0010001300092U 020000000000000000000000000000000000000000000000000000000000000000000000000000000000000000000000000000000000000000000000002401201700000000            000000000000000                              000                           
0010001300093T 020180230000001544772 29577050306936901   78888888888888992601201700000000000750000103049X888888888888899          0900000000000010000000000000000000000000000000000000000   0000000000000000000000000A9        170192957705     
0010001300094U 020000000000000000000000000000000000000000000000000000000000000000000000000000000000000000000000000000000000000000000000002401201700000000            000000000000000                              000                           
0010001300095T 020180230000001544772 29577050307037086   78888888888888992601201700000000000750000103049X888888888888899          0900000000000010000000000000000000000000000000000000000   0000000000000000000000000A9        170192957705     
0010001300096U 020000000000000000000000000000000000000000000000000000000000000000000000000000000000000000000000000000000000000000000000002401201700000000            000000000000000                              000                           
0010001300097T 020180230000001544772 29577050307210884   788888888888889926012017000000000010000001000213888888888888899          0900000000000010000000000000000000000000000000000000000   0000000000000000000000000A9        170192957705     
0010001300098U 020000000000000000000000000000000000000000000000000000000000000000000000000000000000000000000000000000000000000000000000002401201700000000            000000000000000                              000                           
0010001300099T 020180230000001544772 29577050307418121   788888888888889926012017000000000007500001000213888888888888899          0900000000000010000000000000000000000000000000000000000   0000000000000000000000000A9        170192957705     
0010001300100U 020000000000000000000000000000000000000000000000000000000000000000000000000000000000000000000000000000000000000000000000002401201700000000            000000000000000                              000                           
0010001300101T 020180230000001544772 29577050307558680   78888888888888992601201700000000000750000103049X888888888888899          0900000000000010000000000000000000000000000000000000000   0000000000000000000000000A9        170192957705     
0010001300102U 020000000000000000000000000000000000000000000000000000000000000000000000000000000000000000000000000000000000000000000000002401201700000000            000000000000000                              000                           
0010001300103T 020180230000001544772 29577050307625610   78888888888888992601201700000000000750000103049X888888888888899          0900000000000010000000000000000000000000000000000000000   0000000000000000000000000A9        170192957705     
0010001300104U 020000000000000000000000000000000000000000000000000000000000000000000000000000000000000000000000000000000000000000000000002401201700000000            000000000000000                              000                           
0010001300105T 020180230000001544772 29577050307706541   78888888888888992601201700000000000750000103049X888888888888899          0900000000000010000000000000000000000000000000000000000   0000000000000000000000000A9        170192957705     
0010001300106U 020000000000000000000000000000000000000000000000000000000000000000000000000000000000000000000000000000000000000000000000002401201700000000            000000000000000                              000                           
0010001300107T 020180230000001544772 29577050307855195   788888888888889926012017000000000007500001012416888888888888899          0900000000000010000000000000000000000000000000000000000   0000000000000000000000000A9        170192957705     
0010001300108U 020000000000000000000000000000000000000000000000000000000000000000000000000000000000000000000000000000000000000000000000002401201700000000            000000000000000                              000                           
0010001300109T 020180230000001544772 29577050308006140   78888888888888992601201700000000000750000103049X888888888888899          0900000000000010000000000000000000000000000000000000000   0000000000000000000000000A9        170192957705     
0010001300110U 020000000000000000000000000000000000000000000000000000000000000000000000000000000000000000000000000000000000000000000000002401201700000000            000000000000000                              000                           
0010001300111T 020180230000001544772 29577050308152398   788888888888889926012017000000000007500001012416888888888888899          0900000000000010000000000000000000000000000000000000000   0000000000000000000000000A9        170192957705     
0010001300112U 020000000000000000000000000000000000000000000000000000000000000000000000000000000000000000000000000000000000000000000000002401201700000000            000000000000000                              000                           
0010001300113T 020180230000001544772 29577050308214704   788888888888889926012017000000000010000001009091888888888888899          0900000000000010000000000000000000000000000000000000000   0000000000000000000000000A9        170192957705     
0010001300114U 020000000000000000000000000000000000000000000000000000000000000000000000000000000000000000000000000000000000000000000000002401201700000000            000000000000000                              000                           
0010001300115T 020180230000001544772 29577050308334143   788888888888889926012017000000000007500001000213888888888888899          0900000000000010000000000000000000000000000000000000000   0000000000000000000000000A9        170192957705     
0010001300116U 020000000000000000000000000000000000000000000000000000000000000000000000000000000000000000000000000000000000000000000000002401201700000000            000000000000000                              000                           
0010001300117T 020180230000001544772 29577050308417639   788888888888889926012017000000000007500001012408888888888888899          0900000000000010000000000000000000000000000000000000000   0000000000000000000000000A9        170192957705     
0010001300118U 020000000000000000000000000000000000000000000000000000000000000000000000000000000000000000000000000000000000000000000000002401201700000000            000000000000000                              000                           
0010001300119T 020180230000001544772 29577050308530649   788888888888889926012017000000000007500001012408888888888888899          0900000000000010000000000000000000000000000000000000000   0000000000000000000000000A9        170192957705     
0010001300120U 020000000000000000000000000000000000000000000000000000000000000000000000000000000000000000000000000000000000000000000000002401201700000000            000000000000000                              000                           
0010001300121T 020180230000001544772 29577050308551483   788888888888889926012017000000000007500001012408888888888888899          0900000000000010000000000000000000000000000000000000000   0000000000000000000000000A9        170192957705     
0010001300122U 020000000000000000000000000000000000000000000000000000000000000000000000000000000000000000000000000000000000000000000000002401201700000000            000000000000000                              000                           
0010001300123T 020180230000001544772 29577050308605620   788888888888889926012017000000000007500001000213888888888888899          0900000000000010000000000000000000000000000000000000000   0000000000000000000000000A9        170192957705     
0010001300124U 020000000000000000000000000000000000000000000000000000000000000000000000000000000000000000000000000000000000000000000000002401201700000000            000000000000000                              000                           
0010001300125T 020180230000001544772 29577050308739727   788888888888889926012017000000000007500001012408888888888888899          0900000000000010000000000000000000000000000000000000000   0000000000000000000000000A9        170192957705     
0010001300126U 020000000000000000000000000000000000000000000000000000000000000000000000000000000000000000000000000000000000000000000000002401201700000000            000000000000000                              000                           
0010001300127T 020180230000001544772 29577050308906723   788888888888889926012017000000000007500001000213888888888888899          0900000000000010000000000000000000000000000000000000000   0000000000000000000000000A9        170192957705     
0010001300128U 020000000000000000000000000000000000000000000000000000000000000000000000000000000000000000000000000000000000000000000000002401201700000000            000000000000000                              000                           
0010001300129T 020180230000001544772 29577050308923122   788888888888889926012017000000000007500001000213888888888888899          0900000000000010000000000000000000000000000000000000000   0000000000000000000000000A9        170192957705     
0010001300130U 020000000000000000000000000000000000000000000000000000000000000000000000000000000000000000000000000000000000000000000000002401201700000000            000000000000000                              000                           
0010001300131T 020180230000001544772 29577050309055478   788888888888889926012017000000000007500001012416888888888888899          0900000000000010500000000000000000000000000000000000000   0000000000000000000000000A9A4      170192957705     
0010001300132U 020000000000000000000000000000000000000000000000000000000000000000000000000000000000000000000000000000000000000000000000002401201700000000            000000000000000                              000                           
0010001300133T 020180230000001544772 29577050309248995   788888888888889926012017000000000007500001012408888888888888899          0900000000000010500000000000000000000000000000000000000   0000000000000000000000000A9A4      170192957705     
0010001300134U 020000000000000000000000000000000000000000000000000000000000000000000000000000000000000000000000000000000000000000000000002401201700000000            000000000000000                              000                           
0010001300135T 020180230000001544772 29577050309340611   788888888888889926012017000000000007500001002224888888888888899          0900000000000010000000000000000000000000000000000000000   0000000000000000000000000A9        170192957705     
0010001300136U 020000000000000000000000000000000000000000000000000000000000000000000000000000000000000000000000000000000000000000000000002401201700000000            000000000000000                              000                           
0010001300137T 020180230000001544772 29577050309401055   788888888888889926012017000000000007500001000620888888888888899          0900000000000010000000000000000000000000000000000000000   0000000000000000000000000A9        170192957705     
0010001300138U 020000000000000000000000000000000000000000000000000000000000000000000000000000000000000000000000000000000000000000000000002401201700000000            000000000000000                              000                           
0010001300139T 020180230000001544772 29577050309537722   788888888888889926012017000000000007500001000213888888888888899          0900000000000010000000000000000000000000000000000000000   0000000000000000000000000A9        170192957705     
0010001300140U 020000000000000000000000000000000000000000000000000000000000000000000000000000000000000000000000000000000000000000000000002401201700000000            000000000000000                              000                           
0010001300141T 020180230000001544772 29577050309607999   78888888888888992601201700000000000750000103049X888888888888899          0900000000000010000000000000000000000000000000000000000   0000000000000000000000000A9        170192957705     
0010001300142U 020000000000000000000000000000000000000000000000000000000000000000000000000000000000000000000000000000000000000000000000002401201700000000            000000000000000                              000                           
0010001300143T 020180230000001544772 29577050309609570   78888888888888992601201700000000000750000103049X888888888888899          0900000000000010000000000000000000000000000000000000000   0000000000000000000000000A9        170192957705     
0010001300144U 020000000000000000000000000000000000000000000000000000000000000000000000000000000000000000000000000000000000000000000000002401201700000000            000000000000000                              000                           
0010001300145T 020180230000001544772 29577050309742734   788888888888889926012017000000000007500001024899888888888888899          0900000000000010500000000000000000000000000000000000000   0000000000000000000000000A9A4      170192957705     
0010001300146U 020000000000000000000000000000000000000000000000000000000000000000000000000000000000000000000000000000000000000000000000002401201700000000            000000000000000                              000                           
0010001300147T 020180230000001544772 29577050309930639   78888888888888992601201700000000000750000103049X888888888888899          0900000000000010000000000000000000000000000000000000000   0000000000000000000000000A9        170192957705     
0010001300148U 020000000000000000000000000000000000000000000000000000000000000000000000000000000000000000000000000000000000000000000000002401201700000000            000000000000000                              000                           
0010001300149T 020180230000001544772 29577050310003367   78888888888888992601201700000000000750000103049X888888888888899          0900000000000010500000000000000000000000000000000000000   0000000000000000000000000A9A4      170192957705     
0010001300150U 020000000000000000000000000000000000000000000000000000000000000000000000000000000000000000000000000000000000000000000000002401201700000000            000000000000000                              000                           
0010001300151T 020180230000001544772 29577050310156675   788888888888889926012017000000000007500001012408888888888888899          0900000000000010000000000000000000000000000000000000000   0000000000000000000000000A9        170192957705     
0010001300152U 020000000000000000000000000000000000000000000000000000000000000000000000000000000000000000000000000000000000000000000000002401201700000000            000000000000000                              000                           
0010001300153T 020180230000001544772 29577050310251563   788888888888889926012017000000000007500001012416888888888888899          0900000000000010000000000000000000000000000000000000000   0000000000000000000000000A9        170192957705     
0010001300154U 020000000000000000000000000000000000000000000000000000000000000000000000000000000000000000000000000000000000000000000000002401201700000000            000000000000000                              000                           
0010001300155T 020180230000001544772 29577050310356273   788888888888889926012017000000000007500001012416888888888888899          0900000000000010500000000000000000000000000000000000000   0000000000000000000000000A9A4      170192957705     
0010001300156U 020000000000000000000000000000000000000000000000000000000000000000000000000000000000000000000000000000000000000000000000002401201700000000            000000000000000                              000                           
0010001300157T 020180230000001544772 29577050310412867   788888888888889926012017000000000010000001000213888888888888899          0900000000000010000000000000000000000000000000000000000   0000000000000000000000000A9        170192957705     
0010001300158U 020000000000000000000000000000000000000000000000000000000000000000000000000000000000000000000000000000000000000000000000002401201700000000            000000000000000                              000                           
0010001300159T 020180230000001544772 29577050310501219   788888888888889926012017000000000007500001012416888888888888899          0900000000000010000000000000000000000000000000000000000   0000000000000000000000000A9        170192957705     
0010001300160U 020000000000000000000000000000000000000000000000000000000000000000000000000000000000000000000000000000000000000000000000002401201700000000            000000000000000                              000                           
0010001300161T 020180230000001544772 29577050310605578   788888888888889926012017000000000007500001012408888888888888899          0900000000000010000000000000000000000000000000000000000   0000000000000000000000000A9        170192957705     
0010001300162U 020000000000000000000000000000000000000000000000000000000000000000000000000000000000000000000000000000000000000000000000002401201700000000            000000000000000                              000                           
0010001300163T 020180230000001544772 29577050310739692   78888888888888992601201700000000000750000103049X888888888888899          0900000000000010000000000000000000000000000000000000000   0000000000000000000000000A9        170192957705     
0010001300164U 020000000000000000000000000000000000000000000000000000000000000000000000000000000000000000000000000000000000000000000000002401201700000000            000000000000000                              000                           
0010001300165T 020180230000001544772 29577050310807438   78888888888888992601201700000000000750000103049X888888888888899          0900000000000010000000000000000000000000000000000000000   0000000000000000000000000A9        170192957705     
0010001300166U 020000000000000000000000000000000000000000000000000000000000000000000000000000000000000000000000000000000000000000000000002401201700000000            000000000000000                              000                           
0010001300167T 020180230000001544772 29577050310917944   788888888888889926012017000000000007500001012408888888888888899          0900000000000010000000000000000000000000000000000000000   0000000000000000000000000A9        170192957705     
0010001300168U 020000000000000000000000000000000000000000000000000000000000000000000000000000000000000000000000000000000000000000000000002401201700000000            000000000000000                              000                           
0010001300169T 020180230000001544772 29577050311029684   788888888888889926012017000000000007500001004782888888888888899          0900000000000010000000000000000000000000000000000000000   0000000000000000000000000A9        170192957705     
0010001300170U 020000000000000000000000000000000000000000000000000000000000000000000000000000000000000000000000000000000000000000000000002401201700000000            000000000000000                              000                           
0010001300171T 020180230000001544772 29577050311056193   788888888888889926012017000000000007500001004782888888888888899          0900000000000010000000000000000000000000000000000000000   0000000000000000000000000A9        170192957705     
0010001300172U 020000000000000000000000000000000000000000000000000000000000000000000000000000000000000000000000000000000000000000000000002401201700000000            000000000000000                              000                           
0010001300173T 020180230000001544772 29577050311111674   788888888888889926012017000000000007500001000833888888888888899          0900000000000010000000000000000000000000000000000000000   0000000000000000000000000A9        170192957705     
0010001300174U 020000000000000000000000000000000000000000000000000000000000000000000000000000000000000000000000000000000000000000000000002401201700000000            000000000000000                              000                           
0010001300175T 020180230000001544772 29577050311257490   788888888888889926012017000000000007500001012408888888888888899          0900000000000010000000000000000000000000000000000000000   0000000000000000000000000A9        170192957705     
0010001300176U 020000000000000000000000000000000000000000000000000000000000000000000000000000000000000000000000000000000000000000000000002401201700000000            000000000000000                              000                           
0010001300177T 020180230000001544772 29577050311258535   788888888888889926012017000000000007500001012408888888888888899          0900000000000010000000000000000000000000000000000000000   0000000000000000000000000A9        170192957705     
0010001300178U 020000000000000000000000000000000000000000000000000000000000000000000000000000000000000000000000000000000000000000000000002401201700000000            000000000000000                              000                           
0010001300179T 020180230000001544772 29577050311623438   788888888888889926012017000000000007500001012408888888888888899          0900000000000010000000000000000000000000000000000000000   0000000000000000000000000A9        170192957705     
0010001300180U 020000000000000000000000000000000000000000000000000000000000000000000000000000000000000000000000000000000000000000000000002401201700000000            000000000000000                              000                           
0010001300181T 020180230000001544772 29577050311901150   788888888888889926012017000000000007500001000213888888888888899          0900000000000010000000000000000000000000000000000000000   0000000000000000000000000A9        170192957705     
0010001300182U 020000000000000000000000000000000000000000000000000000000000000000000000000000000000000000000000000000000000000000000000002401201700000000            000000000000000                              000                           
0010001300183T 020180230000001544772 29577050312056532   788888888888889926012017000000000007500001012408888888888888899          0900000000000010000000000000000000000000000000000000000   0000000000000000000000000A9        170192957705     
0010001300184U 020000000000000000000000000000000000000000000000000000000000000000000000000000000000000000000000000000000000000000000000002401201700000000            000000000000000                              000                           
0010001300185T 020180230000001544772 29577050312144762   788888888888889926012017000000000007500001046280888888888888899          0900000000000010000000000000000000000000000000000000000   0000000000000000000000000A9        170192957705     
0010001300186U 020000000000000000000000000000000000000000000000000000000000000000000000000000000000000000000000000000000000000000000000002401201700000000            000000000000000                              000                           
0010001300187T 020180230000001544772 29577050312241418   788888888888889926012017000000000007500001012408888888888888899          0900000000000010500000000000000000000000000000000000000   0000000000000000000000000A9A4      170192957705     
0010001300188U 020000000000000000000000000000000000000000000000000000000000000000000000000000000000000000000000000000000000000000000000002401201700000000            000000000000000                              000                           
0010001300189T 020180230000001544772 29577050312456055   788888888888889926012017000000000007500001046264888888888888899          0900000000000010000000000000000000000000000000000000000   0000000000000000000000000A9        170192957705     
0010001300190U 020000000000000000000000000000000000000000000000000000000000000000000000000000000000000000000000000000000000000000000000002401201700000000            000000000000000                              000                           
0010001300191T 020180230000001544772 29577050312657533   788888888888889926012017000000000007500001012416888888888888899          0900000000000010000000000000000000000000000000000000000   0000000000000000000000000A9        170192957705     
0010001300192U 020000000000000000000000000000000000000000000000000000000000000000000000000000000000000000000000000000000000000000000000002401201700000000            000000000000000                              000                           
0010001300193T 020180230000001544772 29577050312717719   788888888888889926012017000000000010000001000833888888888888899          0900000000000010000000000000000000000000000000000000000   0000000000000000000000000A9        170192957705     
0010001300194U 020000000000000000000000000000000000000000000000000000000000000000000000000000000000000000000000000000000000000000000000002401201700000000            000000000000000                              000                           
0010001300195T 020180230000001544772 29577050312840526   788888888888889926012017000000000007500001000213888888888888899          0900000000000010000000000000000000000000000000000000000   0000000000000000000000000A9        170192957705     
0010001300196U 020000000000000000000000000000000000000000000000000000000000000000000000000000000000000000000000000000000000000000000000002401201700000000            000000000000000                              000                           
0010001300197T 020180230000001544772 29577050312948904   788888888888889926012017000000000007500001012408888888888888899          0900000000000010000000000000000000000000000000000000000   0000000000000000000000000A9        170192957705     
0010001300198U 020000000000000000000000000000000000000000000000000000000000000000000000000000000000000000000000000000000000000000000000002401201700000000            000000000000000                              000                           
0010001300199T 020180230000001544772 29577050313032156   788888888888889926012017000000000007500001012408888888888888899          0900000000000010000000000000000000000000000000000000000   0000000000000000000000000A9        170192957705     
0010001300200U 020000000000000000000000000000000000000000000000000000000000000000000000000000000000000000000000000000000000000000000000002401201700000000            000000000000000                              000                           
0010001300201T 020180230000001544772 29577050313114840   78888888888888992601201700000000000750000103049X888888888888899          0900000000000010000000000000000000000000000000000000000   0000000000000000000000000A9        170192957705     
0010001300202U 020000000000000000000000000000000000000000000000000000000000000000000000000000000000000000000000000000000000000000000000002401201700000000            000000000000000                              000                           
0010001300203T 020180230000001544772 29577050313248879   788888888888889926012017000000000007500001012408888888888888899          0900000000000010000000000000000000000000000000000000000   0000000000000000000000000A9        170192957705     
0010001300204U 020000000000000000000000000000000000000000000000000000000000000000000000000000000000000000000000000000000000000000000000002401201700000000            000000000000000                              000                           
0010001300205T 020180230000001544772 29577050313325017   788888888888889926012017000000000007500001000833888888888888899          0900000000000010000000000000000000000000000000000000000   0000000000000000000000000A9        170192957705     
0010001300206U 020000000000000000000000000000000000000000000000000000000000000000000000000000000000000000000000000000000000000000000000002401201700000000            000000000000000                              000                           
0010001300207T 020180230000001544772 29577050313426254   788888888888889926012017000000000007500001012416888888888888899          0900000000000010000000000000000000000000000000000000000   0000000000000000000000000A9        170192957705     
0010001300208U 020000000000000000000000000000000000000000000000000000000000000000000000000000000000000000000000000000000000000000000000002401201700000000            000000000000000                              000                           
0010001300209T 020180230000001544772 29577050313546492   788888888888889926012017000000000010000001012416888888888888899          0900000000000010000000000000000000000000000000000000000   0000000000000000000000000A9        170192957705     
0010001300210U 020000000000000000000000000000000000000000000000000000000000000000000000000000000000000000000000000000000000000000000000002401201700000000            000000000000000                              000                           
0010001300211T 020180230000001544772 29577050313603502   788888888888889926012017000000000007500001023876888888888888899          0900000000000010000000000000000000000000000000000000000   0000000000000000000000000A9        170192957705     
0010001300212U 020000000000000000000000000000000000000000000000000000000000000000000000000000000000000000000000000000000000000000000000002401201700000000            000000000000000                              000                           
0010001300213T 020180230000001544772 29577050313856929   788888888888889926012017000000000007500001030864888888888888899          0900000000000010000000000000000000000000000000000000000   0000000000000000000000000A9        170192957705     
0010001300214U 020000000000000000000000000000000000000000000000000000000000000000000000000000000000000000000000000000000000000000000000002401201700000000            000000000000000                              000                           
0010001300215T 020180230000001544772 29577050313957301   788888888888889926012017000000000007500001030864888888888888899          0900000000000010000000000000000000000000000000000000000   0000000000000000000000000A9        170192957705     
0010001300216U 020000000000000000000000000000000000000000000000000000000000000000000000000000000000000000000000000000000000000000000000002401201700000000            000000000000000                              000                           
0010001300217T 020180230000001544772 29577050314014598   788888888888889926012017000000000007500001004782888888888888899          0900000000000010000000000000000000000000000000000000000   0000000000000000000000000A9        170192957705     
0010001300218U 020000000000000000000000000000000000000000000000000000000000000000000000000000000000000000000000000000000000000000000000002401201700000000            000000000000000                              000                           
0010001300219T 170180230000001544772 29577050194704577   7               00000000000000000007500104001670                         0900000000000010000000000000000000000000000000000000000   000000000000000000000070003        170192957705     
0010001300220U 170000000000000000000000000000000000000000000000000000000000000000000000075000000000000068000000000000000000000000000000002401201725012017            000000000000000                              000                           
0010001300221T 170180230000001544772 29577050220354294   7               00000000000000000007500104005900                         0900000000000010000000000000000000000000000000000000000   000000000000000000000070003        170192957705     
0010001300222U 170000000000000000000000000000000000000000000000000000000000000000000000075000000000000068000000000000000000000000000000002401201725012017            000000000000000                              000                           
0010001300223T 060180230000001544772 29577050280316371   788888888888889926012017000000000007500104002080888888888888899          0900000000000010000000000000000000000000000000000000000   000000000000000000000029000        170192957705     
0010001300224U 060000000000000000000000000000000000000000000000000000000000000000000000075000000000000072100000000000000000000000000000002401201725012017            000000000000000                              000                           
0010001300225T 060180230000001544772 29577050285353187   788888888888889924012017000000000007500001021121888888888888899          0900000000000010000000000000000000000000000000000000000   000000000000000000000029000        170192957705     
0010001300226U 060000000000000000000000000000000000000000000000000000000000000000000000075000000000000072100000000000000000000000000000002401201725012017            000000000000000                              000                           
0010001300227T 060180230000001544772 29577050286504392   788888888888889924012017000000000007500001031933888888888888899          0900000000000010000000000000000000000000000000000000000   000000000000000000000029000        170192957705     
0010001300228U 060000000000000000000000000000000000000000000000000000000000000000000000075000000000000072100000000000000000000000000000002401201725012017            000000000000000                              000                           
0010001300229T 170180230000001544772 29577050287356271   7               00000000000000000007500001000833                         0900000000000010000000000000000000000000000000000000000   000000000000000000000070003        170192957705     
0010001300230U 170000000000000000000000000000000000000000000000000000000000000000000000075000000000000068000000000000000000000000000000002401201725012017            000000000000000                              000                           
0010001300231T 170180230000001544772 29577050288319874   7               00000000000000000007500001078166                         0900000000000010000000000000000000000000000000000000000   000000000000000000000070003        170192957705     
0010001300232U 170000000000000000000000000000000000000000000000000000000000000000000000075000000000000068000000000000000000000000000000002401201725012017            000000000000000                              000                           
0010001300233T 170180230000001544772 29577050296551323   7               00000000000000000007500756032310                         0900000000000010000000000000000000000000000000000000000   000000000000000000000070003        170192957705     
0010001300234U 170000000000000000000000000000000000000000000000000000000000000000000000075000000000000068000000000000000000000000000000002401201725012017            000000000000000                              000                           
0010001300235T 060180230000001544772 29577050307558680   788888888888889926012017000000000007500001031933888888888888899          0900000000000010000000000000000000000000000000000000000   000000000000000000000029000        170192957705     
0010001300236U 060000000000000000000000000000000000000000000000000000000000000000000000075000000000000072100000000000000000000000000000002401201725012017            000000000000000                              000                           
0010001300237T 060180230000001544772 29577050310156675   788888888888889926012017000000000007500001031305888888888888899          0900000000000010000000000000000000000000000000000000000   000000000000000000000029000        170192957705     
0010001300238U 060000000000000000000000000000000000000000000000000000000000000000000000075000000000000072100000000000000000000000000000002401201725012017            000000000000000                              000                           
0010001300239T 060180230000001544772 29577050310807438   788888888888889926012017000000000007500104020410888888888888899          0900000000000010000000000000000000000000000000000000000   000000000000000000000029000        170192957705     
0010001300240U 060000000000000000000000000000000000000000000000000000000000000000000000075000000000000072100000000000000000000000000000002401201725012017            000000000000000                              000                           
0010001300241T 060180230000001544772 29577050313325017   788888888888889926012017000000000007500104018210888888888888899          0900000000000010000000000000000000000000000000000000000   000000000000000000000029000        170192957705     
0010001300242U 060000000000000000000000000000000000000000000000000000000000000000000000075000000000000072100000000000000000000000000000002401201725012017            000000000000000                              000                           
0010001300243T 170180230000001544772 29577050315445348   7               00000000000000000007500104006620                         0900000000000010000000000000000000000000000000000000000   000000000000000000000070003        170192957705     
0010001300244U 170000000000000000000000000000000000000000000000000000000000000000000000075000000000000068000000000000000000000000000000002401201725012017            000000000000000                              000                           
0010001300245T 280180230000001544772 29577050017920702   788888888888889925122016000000000007500001000000888888888888899          0900000000000000000000000000000000000000000000000000000   000000000000000000000005002        170192957705     
0010001300246U 280000000000000000000000000000000000000000000000000000000000000000000000000000000000000000000000000000000000000000000000002401201700000000            000000000000000                              000                           
0010001300247T 280180230000001544772 29577050019413613   788888888888889925122016000000000010000001000000888888888888899          0900000000000000000000000000000000000000000000000000000   000000000000000000000005002        170192957705     
0010001300248U 280000000000000000000000000000000000000000000000000000000000000000000000000000000000000000000000000000000000000000000000002401201700000000            000000000000000                              000                           
0010001300249T 280180230000001544772 29577050019441328   788888888888889925122016000000000010000001000000888888888888899          0900000000000000000000000000000000000000000000000000000   000000000000000000000005002        170192957705     
0010001300250U 280000000000000000000000000000000000000000000000000000000000000000000000000000000000000000000000000000000000000000000000002401201700000000            000000000000000                              000                           
0010001300251T 280180230000001544772 29577050045418688   788888888888889925122016000000000007500001000000888888888888899          0900000000000000000000000000000000000000000000000000000   000000000000000000000005002        170192957705     
0010001300252U 280000000000000000000000000000000000000000000000000000000000000000000000000000000000000000000000000000000000000000000000002401201700000000            000000000000000                              000                           
0010001300253T 280180230000001544772 29577050046207337   788888888888889925122016000000000007500001000000888888888888899          0900000000000000000000000000000000000000000000000000000   000000000000000000000005002        170192957705     
0010001300254U 280000000000000000000000000000000000000000000000000000000000000000000000000000000000000000000000000000000000000000000000002401201700000000            000000000000000                              000                           
0010001300255T 280180230000001544772 29577050046207665   788888888888889925122016000000000007500001000000888888888888899          0900000000000000000000000000000000000000000000000000000   000000000000000000000005002        170192957705     
0010001300256U 280000000000000000000000000000000000000000000000000000000000000000000000000000000000000000000000000000000000000000000000002401201700000000            000000000000000                              000                           
0010001300257T 280180230000001544772 29577050046220758   788888888888889925122016000000000007500001000000888888888888899          0900000000000000000000000000000000000000000000000000000   000000000000000000000005002        170192957705     
0010001300258U 280000000000000000000000000000000000000000000000000000000000000000000000000000000000000000000000000000000000000000000000002401201700000000            000000000000000                              000                           
0010001300259T 280180230000001544772 29577050048032654   788888888888889925122016000000000007500001000000888888888888899          0900000000000000000000000000000000000000000000000000000   000000000000000000000005002        170192957705     
0010001300260U 280000000000000000000000000000000000000000000000000000000000000000000000000000000000000000000000000000000000000000000000002401201700000000            000000000000000                              000                           
0010001300261T 280180230000001544772 29577050048115921   788888888888889925122016000000000007500001000000888888888888899          0900000000000000000000000000000000000000000000000000000   000000000000000000000005002        170192957705     
0010001300262U 280000000000000000000000000000000000000000000000000000000000000000000000000000000000000000000000000000000000000000000000002401201700000000            000000000000000                              000                           
0010001300263T 280180230000001544772 29577050048347090   788888888888889925122016000000000010000001000000888888888888899          0900000000000000000000000000000000000000000000000000000   000000000000000000000005002        170192957705     
0010001300264U 280000000000000000000000000000000000000000000000000000000000000000000000000000000000000000000000000000000000000000000000002401201700000000            000000000000000                              000                           
0010001300265T 280180230000001544772 29577050048423354   788888888888889925122016000000000007500001000000888888888888899          0900000000000000000000000000000000000000000000000000000   000000000000000000000005002        170192957705     
0010001300266U 280000000000000000000000000000000000000000000000000000000000000000000000000000000000000000000000000000000000000000000000002401201700000000            000000000000000                              000                           
0010001300267T 280180230000001544772 29577050048751040   788888888888889925122016000000000007500001000000888888888888899          0900000000000000000000000000000000000000000000000000000   000000000000000000000005002        170192957705     
0010001300268U 280000000000000000000000000000000000000000000000000000000000000000000000000000000000000000000000000000000000000000000000002401201700000000            000000000000000                              000                           
0010001300269T 280180230000001544772 29577050049342286   788888888888889925122016000000000007500001000000888888888888899          0900000000000000000000000000000000000000000000000000000   000000000000000000000005002        170192957705     
0010001300270U 280000000000000000000000000000000000000000000000000000000000000000000000000000000000000000000000000000000000000000000000002401201700000000            000000000000000                              000                           
0010001300271T 280180230000001544772 29577050049754643   788888888888889925122016000000000007500001000000888888888888899          0900000000000000000000000000000000000000000000000000000   000000000000000000000005002        170192957705     
0010001300272U 280000000000000000000000000000000000000000000000000000000000000000000000000000000000000000000000000000000000000000000000002401201700000000            000000000000000                              000                           
0010001300273T 280180230000001544772 29577050049951051   788888888888889925122016000000000007500001000000888888888888899          0900000000000000000000000000000000000000000000000000000   000000000000000000000005002        170192957705     
0010001300274U 280000000000000000000000000000000000000000000000000000000000000000000000000000000000000000000000000000000000000000000000002401201700000000            000000000000000                              000                           
0010001300275T 280180230000001544772 29577050049959510   788888888888889925122016000000000007500001000000888888888888899          0900000000000000000000000000000000000000000000000000000   000000000000000000000005002        170192957705     
0010001300276U 280000000000000000000000000000000000000000000000000000000000000000000000000000000000000000000000000000000000000000000000002401201700000000            000000000000000                              000                           
0010001300277T 280180230000001544772 29577050050226398   788888888888889925122016000000000007500001000000888888888888899          0900000000000000000000000000000000000000000000000000000   000000000000000000000005002        170192957705     
0010001300278U 280000000000000000000000000000000000000000000000000000000000000000000000000000000000000000000000000000000000000000000000002401201700000000            000000000000000                              000                           
0010001300279T 280180230000001544772 29577050050716596   788888888888889925122016000000000007500001000000888888888888899          0900000000000000000000000000000000000000000000000000000   000000000000000000000005002        170192957705     
0010001300280U 280000000000000000000000000000000000000000000000000000000000000000000000000000000000000000000000000000000000000000000000002401201700000000            000000000000000                              000                           
0010001300281T 280180230000001544772 29577050050846755   788888888888889925122016000000000007500001000000888888888888899          0900000000000000000000000000000000000000000000000000000   000000000000000000000005002        170192957705     
0010001300282U 280000000000000000000000000000000000000000000000000000000000000000000000000000000000000000000000000000000000000000000000002401201700000000            000000000000000                              000                           
0010001300283T 280180230000001544772 29577050051016736   788888888888889925122016000000000007500001000000888888888888899          0900000000000000000000000000000000000000000000000000000   000000000000000000000005002        170192957705     
0010001300284U 280000000000000000000000000000000000000000000000000000000000000000000000000000000000000000000000000000000000000000000000002401201700000000            000000000000000                              000                           
0010001300285T 280180230000001544772 29577050051023575   788888888888889925122016000000000007500001000000888888888888899          0900000000000000000000000000000000000000000000000000000   000000000000000000000005002        170192957705     
0010001300286U 280000000000000000000000000000000000000000000000000000000000000000000000000000000000000000000000000000000000000000000000002401201700000000            000000000000000                              000                           
0010001300287T 280180230000001544772 29577050051026795   788888888888889925122016000000000007500001000000888888888888899          0900000000000000000000000000000000000000000000000000000   000000000000000000000005002        170192957705     
0010001300288U 280000000000000000000000000000000000000000000000000000000000000000000000000000000000000000000000000000000000000000000000002401201700000000            000000000000000                              000                           
0010001300289T 280180230000001544772 29577050051909753   788888888888889925122016000000000007500001000000888888888888899          0900000000000000000000000000000000000000000000000000000   000000000000000000000005002        170192957705     
0010001300290U 280000000000000000000000000000000000000000000000000000000000000000000000000000000000000000000000000000000000000000000000002401201700000000            000000000000000                              000                           
0010001300291T 280180230000001544772 29577050052115030   788888888888889925122016000000000007500001000000888888888888899          0900000000000000000000000000000000000000000000000000000   000000000000000000000005002        170192957705     
0010001300292U 280000000000000000000000000000000000000000000000000000000000000000000000000000000000000000000000000000000000000000000000002401201700000000            000000000000000                              000                           
0010001300293T 280180230000001544772 29577050052123852   788888888888889925122016000000000007500001000000888888888888899          0900000000000000000000000000000000000000000000000000000   000000000000000000000005002        170192957705     
0010001300294U 280000000000000000000000000000000000000000000000000000000000000000000000000000000000000000000000000000000000000000000000002401201700000000            000000000000000                              000                           
0010001300295T 280180230000001544772 29577050052126151   788888888888889925122016000000000007500001000000888888888888899          0900000000000000000000000000000000000000000000000000000   000000000000000000000005002        170192957705     
0010001300296U 280000000000000000000000000000000000000000000000000000000000000000000000000000000000000000000000000000000000000000000000002401201700000000            000000000000000                              000                           
0010001300297T 280180230000001544772 29577050052151931   788888888888889925122016000000000007500001000000888888888888899          0900000000000000000000000000000000000000000000000000000   000000000000000000000005002        170192957705     
0010001300298U 280000000000000000000000000000000000000000000000000000000000000000000000000000000000000000000000000000000000000000000000002401201700000000            000000000000000                              000                           
0010001300299T 280180230000001544772 29577050052314140   788888888888889925122016000000000007500001000000888888888888899          0900000000000000000000000000000000000000000000000000000   000000000000000000000005002        170192957705     
0010001300300U 280000000000000000000000000000000000000000000000000000000000000000000000000000000000000000000000000000000000000000000000002401201700000000            000000000000000                              000                           
0010001300301T 280180230000001544772 29577050052416906   788888888888889925122016000000000010000001000000888888888888899          0900000000000000000000000000000000000000000000000000000   000000000000000000000005002        170192957705     
0010001300302U 280000000000000000000000000000000000000000000000000000000000000000000000000000000000000000000000000000000000000000000000002401201700000000            000000000000000                              000                           
0010001300303T 280180230000001544772 29577050052705896   788888888888889925122016000000000007500001000000888888888888899          0900000000000000000000000000000000000000000000000000000   000000000000000000000005002        170192957705     
0010001300304U 280000000000000000000000000000000000000000000000000000000000000000000000000000000000000000000000000000000000000000000000002401201700000000            000000000000000                              000                           
0010001300305T 280180230000001544772 29577050053017106   788888888888889925122016000000000007500001000000888888888888899          0900000000000000000000000000000000000000000000000000000   000000000000000000000005002        170192957705     
0010001300306U 280000000000000000000000000000000000000000000000000000000000000000000000000000000000000000000000000000000000000000000000002401201700000000            000000000000000                              000                           
0010001300307T 280180230000001544772 29577050053316907   788888888888889925122016000000000007500001000000888888888888899          0900000000000000000000000000000000000000000000000000000   000000000000000000000005002        170192957705     
0010001300308U 280000000000000000000000000000000000000000000000000000000000000000000000000000000000000000000000000000000000000000000000002401201700000000            000000000000000                              000                           
0010001300309T 280180230000001544772 29577050053429131   788888888888889925122016000000000007500001000000888888888888899          0900000000000000000000000000000000000000000000000000000   000000000000000000000005002        170192957705     
0010001300310U 280000000000000000000000000000000000000000000000000000000000000000000000000000000000000000000000000000000000000000000000002401201700000000            000000000000000                              000                           
0010001300311T 280180230000001544772 29577050053657309   788888888888889925122016000000000007500001000000888888888888899          0900000000000000000000000000000000000000000000000000000   000000000000000000000005002        170192957705     
0010001300312U 280000000000000000000000000000000000000000000000000000000000000000000000000000000000000000000000000000000000000000000000002401201700000000            000000000000000                              000                           
0010001300313T 280180230000001544772 29577050054005937   788888888888889925122016000000000007500001000000888888888888899          0900000000000000000000000000000000000000000000000000000   000000000000000000000005002        170192957705     
0010001300314U 280000000000000000000000000000000000000000000000000000000000000000000000000000000000000000000000000000000000000000000000002401201700000000            000000000000000                              000                           
0010001300315T 280180230000001544772 29577050054235248   788888888888889925122016000000000007500001000000888888888888899          0900000000000000000000000000000000000000000000000000000   000000000000000000000005002        170192957705     
0010001300316U 280000000000000000000000000000000000000000000000000000000000000000000000000000000000000000000000000000000000000000000000002401201700000000            000000000000000                              000                           
0010001300317T 280180230000001544772 29577050054623930   788888888888889925122016000000000007500001000000888888888888899          0900000000000000000000000000000000000000000000000000000   000000000000000000000005002        170192957705     
0010001300318U 280000000000000000000000000000000000000000000000000000000000000000000000000000000000000000000000000000000000000000000000002401201700000000            000000000000000                              000                           
0010001300319T 280180230000001544772 29577050054713479   788888888888889925122016000000000007500001000000888888888888899          0900000000000000000000000000000000000000000000000000000   000000000000000000000005002        170192957705     
0010001300320U 280000000000000000000000000000000000000000000000000000000000000000000000000000000000000000000000000000000000000000000000002401201700000000            000000000000000                              000                           
0010001300321T 280180230000001544772 29577050054837391   788888888888889925122016000000000007500001000000888888888888899          0900000000000000000000000000000000000000000000000000000   000000000000000000000005002        170192957705     
0010001300322U 280000000000000000000000000000000000000000000000000000000000000000000000000000000000000000000000000000000000000000000000002401201700000000            000000000000000                              000                           
0010001300323T 280180230000001544772 29577050055150073   788888888888889925122016000000000007500001000000888888888888899          0900000000000000000000000000000000000000000000000000000   000000000000000000000005002        170192957705     
0010001300324U 280000000000000000000000000000000000000000000000000000000000000000000000000000000000000000000000000000000000000000000000002401201700000000            000000000000000                              000                           
0010001300325T 280180230000001544772 29577050055323702   788888888888889925122016000000000007500001000000888888888888899          0900000000000000000000000000000000000000000000000000000   000000000000000000000005002        170192957705     
0010001300326U 280000000000000000000000000000000000000000000000000000000000000000000000000000000000000000000000000000000000000000000000002401201700000000            000000000000000                              000                           
0010001300327T 280180230000001544772 29577050055633326   788888888888889925122016000000000007500001000000888888888888899          0900000000000000000000000000000000000000000000000000000   000000000000000000000005002        170192957705     
0010001300328U 280000000000000000000000000000000000000000000000000000000000000000000000000000000000000000000000000000000000000000000000002401201700000000            000000000000000                              000                           
0010001300329T 280180230000001544772 29577050055818244   788888888888889925122016000000000007500001000000888888888888899          0900000000000000000000000000000000000000000000000000000   000000000000000000000005002        170192957705     
0010001300330U 280000000000000000000000000000000000000000000000000000000000000000000000000000000000000000000000000000000000000000000000002401201700000000            000000000000000                              000                           
0010001300331T 280180230000001544772 29577050057050048   788888888888889925122016000000000007500001000000888888888888899          0900000000000000000000000000000000000000000000000000000   000000000000000000000005002        170192957705     
0010001300332U 280000000000000000000000000000000000000000000000000000000000000000000000000000000000000000000000000000000000000000000000002401201700000000            000000000000000                              000                           
0010001300333T 280180230000001544772 29577050057139142   788888888888889925122016000000000007500001000000888888888888899          0900000000000000000000000000000000000000000000000000000   000000000000000000000005002        170192957705     
0010001300334U 280000000000000000000000000000000000000000000000000000000000000000000000000000000000000000000000000000000000000000000000002401201700000000            000000000000000                              000                           
0010001300335T 280180230000001544772 29577050057207936   788888888888889925122016000000000007500001000000888888888888899          0900000000000000000000000000000000000000000000000000000   000000000000000000000005002        170192957705     
0010001300336U 280000000000000000000000000000000000000000000000000000000000000000000000000000000000000000000000000000000000000000000000002401201700000000            000000000000000                              000                           
0010001300337T 280180230000001544772 29577050057324741   788888888888889925122016000000000007500001000000888888888888899          0900000000000000000000000000000000000000000000000000000   000000000000000000000005002        170192957705     
0010001300338U 280000000000000000000000000000000000000000000000000000000000000000000000000000000000000000000000000000000000000000000000002401201700000000            000000000000000                              000                           
0010001300339T 280180230000001544772 29577050057357287   788888888888889925122016000000000007500001000000888888888888899          0900000000000000000000000000000000000000000000000000000   000000000000000000000005002        170192957705     
0010001300340U 280000000000000000000000000000000000000000000000000000000000000000000000000000000000000000000000000000000000000000000000002401201700000000            000000000000000                              000                           
0010001300341T 030180230000001544772 29577050307319545   78888888888888992601201700000000000750000100000 888888888888899          0900000000000000000000000000000000000000000000000000000   000000000000000000000000046        170192957705     
0010001300342U 030000000000000000000000000000000000000000000000000000000000000000000000000000000000000000000000000000000000000000000000002401201700000000            000000000000000                              000                           
0010001300343T 030180230000001544772 29577050307957440   78888888888888992601201700000000000750000100000 888888888888899          0900000000000000000000000000000000000000000000000000000   000000000000000000000000046        170192957705     
0010001300344U 030000000000000000000000000000000000000000000000000000000000000000000000000000000000000000000000000000000000000000000000002401201700000000            000000000000000                              000                           
00100015         000346001646000000000126240000000000000000000000000000000000000000000000000000000000000000000000000000000000000000000000000000000                                                                                              
00199999         000001000348000000                                                                                                                                                            00000000000000000000000000000                    
