00100000         2247745860001000029577050014       0180230000001544772 INSTITUTO DE SELECAO E TECNOLOBANCO DO BRASIL                         22501201701140100006603000000515122941PROCESSAMEN                                                 
00100011T0100020 20247745860001000029577050014       0180230000001544772 INSTITUTO DE SELECAO E TECNOLO                                                                                000000002501201700000000  000000000                      
0010001300001T 020180230000001544772 29577050199656778   788888888888889927012017000000000007500001046280888888888888899          0900000000000010000000000000000000000000000000000000000   0000000000000000000000000A9        170192957705     
0010001300002U 020000000000000000000000000000000000000000000000000000000000000000000000000000000000000000000000000000000000000000000000002501201700000000            000000000000000                              000                           
0010001300003T 020180230000001544772 29577050317654862   788888888888889927012017000000000007500001012416888888888888899          0900000000000010000000000000000000000000000000000000000   0000000000000000000000000A9        170192957705     
0010001300004U 020000000000000000000000000000000000000000000000000000000000000000000000000000000000000000000000000000000000000000000000002501201700000000            000000000000000                              000                           
0010001300005T 020180230000001544772 29577050317752831   788888888888889927012017000000000007500001008060888888888888899          0900000000000010000000000000000000000000000000000000000   0000000000000000000000000A9        170192957705     
0010001300006U 020000000000000000000000000000000000000000000000000000000000000000000000000000000000000000000000000000000000000000000000002501201700000000            000000000000000                              000                           
0010001300007T 020180230000001544772 29577050317834944   78888888888888992701201700000000000750000103049X888888888888899          0900000000000010000000000000000000000000000000000000000   0000000000000000000000000A9        170192957705     
0010001300008U 020000000000000000000000000000000000000000000000000000000000000000000000000000000000000000000000000000000000000000000000002501201700000000            000000000000000                              000                           
0010001300009T 020180230000001544772 29577050317932283   788888888888889927012017000000000007500001000213888888888888899          0900000000000010000000000000000000000000000000000000000   0000000000000000000000000A9        170192957705     
0010001300010U 020000000000000000000000000000000000000000000000000000000000000000000000000000000000000000000000000000000000000000000000002501201700000000            000000000000000                              000                           
0010001300011T 170180230000001544772 29577050256855168   7               00000000000000000007500021001040                         0900000000000010000000000000000000000000000000000000000   000000000000000000000070003        170192957705     
0010001300012U 170000000000000000000000000000000000000000000000000000000000000000000000075000000000000068000000000000000000000000000000002501201726012017            000000000000000                              000                           
0010001300013T 170180230000001544772 29577050289024205   7               00000000000000000007500104023100                         0900000000000010000000000000000000000000000000000000000   000000000000000000000070003        170192957705     
0010001300014U 170000000000000000000000000000000000000000000000000000000000000000000000075000000000000068000000000000000000000000000000002501201726012017            000000000000000                              000                           
0010001300015T 170180230000001544772 29577050291311655   7               00000000000000000007500001014001                         0900000000000010000000000000000000000000000000000000000   000000000000000000000070003        170192957705     
0010001300016U 170000000000000000000000000000000000000000000000000000000000000000000000075000000000000068000000000000000000000000000000002501201726012017            000000000000000                              000                           
0010001300017T 170180230000001544772 29577050292206782   7               00000000000000000007500104031390                         0900000000000010000000000000000000000000000000000000000   000000000000000000000070003        170192957705     
0010001300018U 170000000000000000000000000000000000000000000000000000000000000000000000075000000000000068000000000000000000000000000000002501201726012017            000000000000000                              000                           
0010001300019T 170180230000001544772 29577050294141391   7               00000000000000000007500104046070                         0900000000000010000000000000000000000000000000000000000   000000000000000000000070003        170192957705     
0010001300020U 170000000000000000000000000000000000000000000000000000000000000000000000075000000000000068000000000000000000000000000000002501201726012017            000000000000000                              000                           
0010001300021T 170180230000001544772 29577050294902385   7               00000000000000000007500021000910                         0900000000000010000000000000000000000000000000000000000   000000000000000000000070003        170192957705     
0010001300022U 170000000000000000000000000000000000000000000000000000000000000000000000075000000000000068000000000000000000000000000000002501201726012017            000000000000000                              000                           
0010001300023T 170180230000001544772 29577050297140754   7               00000000000000000007500021002740                         0900000000000010000000000000000000000000000000000000000   000000000000000000000070003        170192957705     
0010001300024U 170000000000000000000000000000000000000000000000000000000000000000000000075000000000000068000000000000000000000000000000002501201726012017            000000000000000                              000                           
0010001300025T 170180230000001544772 29577050297643541   7               00000000000000000007500001031305                         0900000000000010000000000000000000000000000000000000000   000000000000000000000070003        170192957705     
0010001300026U 170000000000000000000000000000000000000000000000000000000000000000000000075000000000000068000000000000000000000000000000002501201726012017            000000000000000                              000                           
0010001300027T 170180230000001544772 29577050299515471   7               00000000000000000007500033033450                         0900000000000010000000000000000000000000000000000000000   000000000000000000000070003        170192957705     
0010001300028U 170000000000000000000000000000000000000000000000000000000000000000000000075000000000000068000000000000000000000000000000002501201726012017            000000000000000                              000                           
0010001300029T 170180230000001544772 29577050301332216   7               00000000000000000007500001034800                         0900000000000010000000000000000000000000000000000000000   000000000000000000000070003        170192957705     
0010001300030U 170000000000000000000000000000000000000000000000000000000000000000000000075000000000000068000000000000000000000000000000002501201726012017            000000000000000                              000                           
0010001300031T 170180230000001544772 29577050301838065   7               00000000000000000007500021002360                         0900000000000010000000000000000000000000000000000000000   000000000000000000000070003        170192957705     
0010001300032U 170000000000000000000000000000000000000000000000000000000000000000000000075000000000000068000000000000000000000000000000002501201726012017            000000000000000                              000                           
0010001300033T 170180230000001544772 29577050302642597   7               00000000000000000007500341092600                         0900000000000010000000000000000000000000000000000000000   000000000000000000000070003        170192957705     
0010001300034U 170000000000000000000000000000000000000000000000000000000000000000000000075000000000000068000000000000000000000000000000002501201726012017            000000000000000                              000                           
0010001300035T 170180230000001544772 29577050303349665   7               00000000000000000010000756040360                         0900000000000010000000000000000000000000000000000000000   000000000000000000000070003        170192957705     
0010001300036U 170000000000000000000000000000000000000000000000000000000000000000000000100000000000000093000000000000000000000000000000002501201726012017            000000000000000                              000                           
0010001300037T 060180230000001544772 29577050308923122   788888888888889926012017000000000007500104001670888888888888899          0900000000000010000000000000000000000000000000000000000   000000000000000000000029000        170192957705     
0010001300038U 060000000000000000000000000000000000000000000000000000000000000000000000075000000000000072100000000000000000000000000000002501201726012017            000000000000000                              000                           
0010001300039T 060180230000001544772 29577050310412867   788888888888889926012017000000000010000033015360888888888888899          0900000000000010000000000000000000000000000000000000000   000000000000000000000029000        170192957705     
0010001300040U 060000000000000000000000000000000000000000000000000000000000000000000000100000000000000097100000000000000000000000000000002501201726012017            000000000000000                              000                           
0010001300041T 060180230000001544772 29577050310739692   788888888888889926012017000000000007500021000590888888888888899          0900000000000010000000000000000000000000000000000000000   000000000000000000000029000        170192957705     
0010001300042U 060000000000000000000000000000000000000000000000000000000000000000000000075000000000000072100000000000000000000000000000002501201726012017            000000000000000                              000                           
0010001300043T 060180230000001544772 29577050312241418   788888888888889926012017000000000007500001050814888888888888899          0900000000000010000000000000000000000000000000000000000   000000000000000000000029000        170192957705     
0010001300044U 060000000000000000000000000000000000000000000000000000000000000000000000075000000000000072100000000000000000000000000000002501201726012017            000000000000000                              000                           
0010001300045T 280180230000001544772 29577050055026111   788888888888889926122016000000000007500001000000888888888888899          0900000000000000000000000000000000000000000000000000000   000000000000000000000005002        170192957705     
0010001300046U 280000000000000000000000000000000000000000000000000000000000000000000000000000000000000000000000000000000000000000000000002501201700000000            000000000000000                              000                           
0010001300047T 280180230000001544772 29577050056031423   788888888888889926122016000000000007500001000000888888888888899          0900000000000000000000000000000000000000000000000000000   000000000000000000000005002        170192957705     
0010001300048U 280000000000000000000000000000000000000000000000000000000000000000000000000000000000000000000000000000000000000000000000002501201700000000            000000000000000                              000                           
0010001300049T 280180230000001544772 29577050057545141   788888888888889926122016000000000007500001000000888888888888899          0900000000000000000000000000000000000000000000000000000   000000000000000000000005002        170192957705     
0010001300050U 280000000000000000000000000000000000000000000000000000000000000000000000000000000000000000000000000000000000000000000000002501201700000000            000000000000000                              000                           
0010001300051T 280180230000001544772 29577050057850626   788888888888889926122016000000000007500001000000888888888888899          0900000000000000000000000000000000000000000000000000000   000000000000000000000005002        170192957705     
0010001300052U 280000000000000000000000000000000000000000000000000000000000000000000000000000000000000000000000000000000000000000000000002501201700000000            000000000000000                              000                           
0010001300053T 280180230000001544772 29577050058219836   788888888888889926122016000000000007500001000000888888888888899          0900000000000000000000000000000000000000000000000000000   000000000000000000000005002        170192957705     
0010001300054U 280000000000000000000000000000000000000000000000000000000000000000000000000000000000000000000000000000000000000000000000002501201700000000            000000000000000                              000                           
0010001300055T 280180230000001544772 29577050058328575   788888888888889926122016000000000010000001000000888888888888899          0900000000000000000000000000000000000000000000000000000   000000000000000000000005002        170192957705     
0010001300056U 280000000000000000000000000000000000000000000000000000000000000000000000000000000000000000000000000000000000000000000000002501201700000000            000000000000000                              000                           
0010001300057T 280180230000001544772 29577050058450051   788888888888889926122016000000000007500001000000888888888888899          0900000000000000000000000000000000000000000000000000000   000000000000000000000005002        170192957705     
0010001300058U 280000000000000000000000000000000000000000000000000000000000000000000000000000000000000000000000000000000000000000000000002501201700000000            000000000000000                              000                           
0010001300059T 280180230000001544772 29577050058526253   788888888888889926122016000000000007500001000000888888888888899          0900000000000000000000000000000000000000000000000000000   000000000000000000000005002        170192957705     
0010001300060U 280000000000000000000000000000000000000000000000000000000000000000000000000000000000000000000000000000000000000000000000002501201700000000            000000000000000                              000                           
0010001300061T 280180230000001544772 29577050058647100   788888888888889926122016000000000007500001000000888888888888899          0900000000000000000000000000000000000000000000000000000   000000000000000000000005002        170192957705     
0010001300062U 280000000000000000000000000000000000000000000000000000000000000000000000000000000000000000000000000000000000000000000000002501201700000000            000000000000000                              000                           
0010001300063T 280180230000001544772 29577050058843541   788888888888889926122016000000000010000001000000888888888888899          0900000000000000000000000000000000000000000000000000000   000000000000000000000005002        170192957705     
0010001300064U 280000000000000000000000000000000000000000000000000000000000000000000000000000000000000000000000000000000000000000000000002501201700000000            000000000000000                              000                           
0010001300065T 280180230000001544772 29577050059057097   788888888888889926122016000000000007500001000000888888888888899          0900000000000000000000000000000000000000000000000000000   000000000000000000000005002        170192957705     
0010001300066U 280000000000000000000000000000000000000000000000000000000000000000000000000000000000000000000000000000000000000000000000002501201700000000            000000000000000                              000                           
0010001300067T 280180230000001544772 29577050059147368   788888888888889926122016000000000010000001000000888888888888899          0900000000000000000000000000000000000000000000000000000   000000000000000000000005002        170192957705     
0010001300068U 280000000000000000000000000000000000000000000000000000000000000000000000000000000000000000000000000000000000000000000000002501201700000000            000000000000000                              000                           
0010001300069T 280180230000001544772 29577050059630500   788888888888889926122016000000000007500001000000888888888888899          0900000000000000000000000000000000000000000000000000000   000000000000000000000005002        170192957705     
0010001300070U 280000000000000000000000000000000000000000000000000000000000000000000000000000000000000000000000000000000000000000000000002501201700000000            000000000000000                              000                           
0010001300071T 280180230000001544772 29577050059908065   788888888888889926122016000000000007500001000000888888888888899          0900000000000000000000000000000000000000000000000000000   000000000000000000000005002        170192957705     
0010001300072U 280000000000000000000000000000000000000000000000000000000000000000000000000000000000000000000000000000000000000000000000002501201700000000            000000000000000                              000                           
00100015         000074001647000000000126290000000000000000000000000000000000000000000000000000000000000000000000000000000000000000000000000000000                                                                                              
00199999         000001000076000000                                                                                                                                                            00000000000000000000000000000                    
