00100000         2247745860001000029577050014       0180230000001544772 INSTITUTO DE SELECAO E TECNOLOBANCO DO BRASIL                         22701201701063400007003000000515122941PROCESSAMEN                                                 
00100011T0100020 20247745860001000029577050014       0180230000001544772 INSTITUTO DE SELECAO E TECNOLO                                                                                000000002701201700000000  000000000                      
0010001300001T 020180230000001544772 29577050007349175   78888888888888992801201700000000000750000103049X888888888888899          0900000000000010000000000000000000000000000000000000000   0000000000000000000000000A9        170192957705     
0010001300002U 020000000000000000000000000000000000000000000000000000000000000000000000000000000000000000000000000000000000000000000000002701201700000000            000000000000000                              000                           
0010001300003T 020180230000001544772 29577050050455929   788888888888889928012017000000000007500001012408888888888888899          0900000000000010000000000000000000000000000000000000000   0000000000000000000000000A9        170192957705     
0010001300004U 020000000000000000000000000000000000000000000000000000000000000000000000000000000000000000000000000000000000000000000000002701201700000000            000000000000000                              000                           
0010001300005T 020180230000001544772 29577050050534242   788888888888889928012017000000000007500001012408888888888888899          0900000000000010000000000000000000000000000000000000000   0000000000000000000000000A9        170192957705     
0010001300006U 020000000000000000000000000000000000000000000000000000000000000000000000000000000000000000000000000000000000000000000000002701201700000000            000000000000000                              000                           
0010001300007T 020180230000001544772 29577050050656738   788888888888889928012017000000000007500001012408888888888888899          0900000000000010000000000000000000000000000000000000000   0000000000000000000000000A9        170192957705     
0010001300008U 020000000000000000000000000000000000000000000000000000000000000000000000000000000000000000000000000000000000000000000000002701201700000000            000000000000000                              000                           
0010001300009T 020180230000001544772 29577050079124585   78888888888888992801201700000000000750000103049X888888888888899          0900000000000010000000000000000000000000000000000000000   0000000000000000000000000A9        170192957705     
0010001300010U 020000000000000000000000000000000000000000000000000000000000000000000000000000000000000000000000000000000000000000000000002701201700000000            000000000000000                              000                           
0010001300011T 020180230000001544772 29577050115905532   788888888888889928012017000000000007500001000213888888888888899          0900000000000010000000000000000000000000000000000000000   0000000000000000000000000A9        170192957705     
0010001300012U 020000000000000000000000000000000000000000000000000000000000000000000000000000000000000000000000000000000000000000000000002701201700000000            000000000000000                              000                           
0010001300013T 020180230000001544772 29577050118057007   788888888888889928012017000000000007500001012416888888888888899          0900000000000010000000000000000000000000000000000000000   0000000000000000000000000A9        170192957705     
0010001300014U 020000000000000000000000000000000000000000000000000000000000000000000000000000000000000000000000000000000000000000000000002701201700000000            000000000000000                              000                           
0010001300015T 020180230000001544772 29577050145420096   788888888888889928012017000000000007500001009245888888888888899          0900000000000010000000000000000000000000000000000000000   0000000000000000000000000A9        170192957705     
0010001300016U 020000000000000000000000000000000000000000000000000000000000000000000000000000000000000000000000000000000000000000000000002701201700000000            000000000000000                              000                           
0010001300017T 020180230000001544772 29577050218840690   788888888888889928012017000000000007500001012416888888888888899          0900000000000010000000000000000000000000000000000000000   0000000000000000000000000A9        170192957705     
0010001300018U 020000000000000000000000000000000000000000000000000000000000000000000000000000000000000000000000000000000000000000000000002701201700000000            000000000000000                              000                           
0010001300019T 020180230000001544772 29577050237720763   788888888888889928012017000000000007500001001554888888888888899          0900000000000010000000000000000000000000000000000000000   0000000000000000000000000A9        170192957705     
0010001300020U 020000000000000000000000000000000000000000000000000000000000000000000000000000000000000000000000000000000000000000000000002701201700000000            000000000000000                              000                           
0010001300021T 020180230000001544772 29577050265752547   788888888888889928012017000000000007500001012408888888888888899          0900000000000010000000000000000000000000000000000000000   0000000000000000000000000A9        170192957705     
0010001300022U 020000000000000000000000000000000000000000000000000000000000000000000000000000000000000000000000000000000000000000000000002701201700000000            000000000000000                              000                           
0010001300023T 020180230000001544772 29577050271428641   788888888888889928012017000000000007500001000833888888888888899          0900000000000010500000000000000000000000000000000000000   0000000000000000000000000A9A4      170192957705     
0010001300024U 020000000000000000000000000000000000000000000000000000000000000000000000000000000000000000000000000000000000000000000000002701201700000000            000000000000000                              000                           
0010001300025T 020180230000001544772 29577050278530824   788888888888889928012017000000000007500001000213888888888888899          0900000000000010000000000000000000000000000000000000000   0000000000000000000000000A9        170192957705     
0010001300026U 020000000000000000000000000000000000000000000000000000000000000000000000000000000000000000000000000000000000000000000000002701201700000000            000000000000000                              000                           
0010001300027T 020180230000001544772 29577050281833980   788888888888889928012017000000000007500001004782888888888888899          0900000000000010000000000000000000000000000000000000000   0000000000000000000000000A9        170192957705     
0010001300028U 020000000000000000000000000000000000000000000000000000000000000000000000000000000000000000000000000000000000000000000000002701201700000000            000000000000000                              000                           
0010001300029T 020180230000001544772 29577050285728347   788888888888889928012017000000000007500001000213888888888888899          0900000000000010500000000000000000000000000000000000000   0000000000000000000000000A9A4      170192957705     
0010001300030U 020000000000000000000000000000000000000000000000000000000000000000000000000000000000000000000000000000000000000000000000002701201700000000            000000000000000                              000                           
0010001300031T 020180230000001544772 29577050296239792   788888888888889928012017000000000007500001000213888888888888899          0900000000000010000000000000000000000000000000000000000   0000000000000000000000000A9        170192957705     
0010001300032U 020000000000000000000000000000000000000000000000000000000000000000000000000000000000000000000000000000000000000000000000002701201700000000            000000000000000                              000                           
0010001300033T 020180230000001544772 29577050311329630   788888888888889928012017000000000007500001009245888888888888899          0900000000000010000000000000000000000000000000000000000   0000000000000000000000000A9        170192957705     
0010001300034U 020000000000000000000000000000000000000000000000000000000000000000000000000000000000000000000000000000000000000000000000002701201700000000            000000000000000                              000                           
0010001300035T 020180230000001544772 29577050323547927   78888888888888992801201700000000000750000103049X888888888888899          0900000000000010000000000000000000000000000000000000000   0000000000000000000000000A9        170192957705     
0010001300036U 020000000000000000000000000000000000000000000000000000000000000000000000000000000000000000000000000000000000000000000000002701201700000000            000000000000000                              000                           
0010001300037T 020180230000001544772 29577050324305601   788888888888889928012017000000000007500001009245888888888888899          0900000000000010000000000000000000000000000000000000000   0000000000000000000000000A9        170192957705     
0010001300038U 020000000000000000000000000000000000000000000000000000000000000000000000000000000000000000000000000000000000000000000000002701201700000000            000000000000000                              000                           
0010001300039T 020180230000001544772 29577050324550412   788888888888889928012017000000000007500001000213888888888888899          0900000000000010000000000000000000000000000000000000000   0000000000000000000000000A9        170192957705     
0010001300040U 020000000000000000000000000000000000000000000000000000000000000000000000000000000000000000000000000000000000000000000000002701201700000000            000000000000000                              000                           
0010001300041T 020180230000001544772 29577050324642728   788888888888889928012017000000000007500001012408888888888888899          0900000000000010000000000000000000000000000000000000000   0000000000000000000000000A9        170192957705     
0010001300042U 020000000000000000000000000000000000000000000000000000000000000000000000000000000000000000000000000000000000000000000000002701201700000000            000000000000000                              000                           
0010001300043T 020180230000001544772 29577050324706917   788888888888889928012017000000000007500001000213888888888888899          0900000000000010000000000000000000000000000000000000000   0000000000000000000000000A9        170192957705     
0010001300044U 020000000000000000000000000000000000000000000000000000000000000000000000000000000000000000000000000000000000000000000000002701201700000000            000000000000000                              000                           
0010001300045T 020180230000001544772 29577050324834051   788888888888889928012017000000000007500001012408888888888888899          0900000000000010000000000000000000000000000000000000000   0000000000000000000000000A9        170192957705     
0010001300046U 020000000000000000000000000000000000000000000000000000000000000000000000000000000000000000000000000000000000000000000000002701201700000000            000000000000000                              000                           
0010001300047T 020180230000001544772 29577050324914219   788888888888889928012017000000000007500001012416888888888888899          0900000000000010000000000000000000000000000000000000000   0000000000000000000000000A9        170192957705     
0010001300048U 020000000000000000000000000000000000000000000000000000000000000000000000000000000000000000000000000000000000000000000000002701201700000000            000000000000000                              000                           
0010001300049T 020180230000001544772 29577050325045168   78888888888888992801201700000000000750000103049X888888888888899          0900000000000010000000000000000000000000000000000000000   0000000000000000000000000A9        170192957705     
0010001300050U 020000000000000000000000000000000000000000000000000000000000000000000000000000000000000000000000000000000000000000000000002701201700000000            000000000000000                              000                           
0010001300051T 020180230000001544772 29577050325135492   788888888888889928012017000000000007500001000213888888888888899          0900000000000010000000000000000000000000000000000000000   0000000000000000000000000A9        170192957705     
0010001300052U 020000000000000000000000000000000000000000000000000000000000000000000000000000000000000000000000000000000000000000000000002701201700000000            000000000000000                              000                           
0010001300053T 020180230000001544772 29577050325422838   788888888888889928012017000000000007500001046280888888888888899          0900000000000010000000000000000000000000000000000000000   0000000000000000000000000A9        170192957705     
0010001300054U 020000000000000000000000000000000000000000000000000000000000000000000000000000000000000000000000000000000000000000000000002701201700000000            000000000000000                              000                           
0010001300055T 020180230000001544772 29577050325540163   788888888888889928012017000000000007500001012610888888888888899          0900000000000010000000000000000000000000000000000000000   0000000000000000000000000A9        170192957705     
0010001300056U 020000000000000000000000000000000000000000000000000000000000000000000000000000000000000000000000000000000000000000000000002701201700000000            000000000000000                              000                           
0010001300057T 020180230000001544772 29577050325758141   78888888888888992801201700000000000750000101009X888888888888899          0900000000000010000000000000000000000000000000000000000   0000000000000000000000000A9        170192957705     
0010001300058U 020000000000000000000000000000000000000000000000000000000000000000000000000000000000000000000000000000000000000000000000002701201700000000            000000000000000                              000                           
0010001300059T 020180230000001544772 29577050325805920   788888888888889928012017000000000007500001001120888888888888899          0900000000000010000000000000000000000000000000000000000   0000000000000000000000000A9        170192957705     
0010001300060U 020000000000000000000000000000000000000000000000000000000000000000000000000000000000000000000000000000000000000000000000002701201700000000            000000000000000                              000                           
0010001300061T 020180230000001544772 29577050326045370   788888888888889928012017000000000007500001012416888888888888899          0900000000000010000000000000000000000000000000000000000   0000000000000000000000000A9        170192957705     
0010001300062U 020000000000000000000000000000000000000000000000000000000000000000000000000000000000000000000000000000000000000000000000002701201700000000            000000000000000                              000                           
0010001300063T 020180230000001544772 29577050326105961   78888888888888992801201700000000000750000103049X888888888888899          0900000000000010000000000000000000000000000000000000000   0000000000000000000000000A9        170192957705     
0010001300064U 020000000000000000000000000000000000000000000000000000000000000000000000000000000000000000000000000000000000000000000000002701201700000000            000000000000000                              000                           
0010001300065T 020180230000001544772 29577050326125719   78888888888888992801201700000000000750000103049X888888888888899          0900000000000010000000000000000000000000000000000000000   0000000000000000000000000A9        170192957705     
0010001300066U 020000000000000000000000000000000000000000000000000000000000000000000000000000000000000000000000000000000000000000000000002701201700000000            000000000000000                              000                           
0010001300067T 020180230000001544772 29577050326205983   78888888888888992801201700000000000750000103049X888888888888899          0900000000000010000000000000000000000000000000000000000   0000000000000000000000000A9        170192957705     
0010001300068U 020000000000000000000000000000000000000000000000000000000000000000000000000000000000000000000000000000000000000000000000002701201700000000            000000000000000                              000                           
0010001300069T 020180230000001544772 29577050326252607   78888888888888992801201700000000000750000103049X888888888888899          0900000000000010000000000000000000000000000000000000000   0000000000000000000000000A9        170192957705     
0010001300070U 020000000000000000000000000000000000000000000000000000000000000000000000000000000000000000000000000000000000000000000000002701201700000000            000000000000000                              000                           
0010001300071T 020180230000001544772 29577050326351827   78888888888888992801201700000000000750000103049X888888888888899          0900000000000010000000000000000000000000000000000000000   0000000000000000000000000A9        170192957705     
0010001300072U 020000000000000000000000000000000000000000000000000000000000000000000000000000000000000000000000000000000000000000000000002701201700000000            000000000000000                              000                           
0010001300073T 020180230000001544772 29577050326419791   788888888888889928012017000000000007500001012416888888888888899          0900000000000010000000000000000000000000000000000000000   0000000000000000000000000A9        170192957705     
0010001300074U 020000000000000000000000000000000000000000000000000000000000000000000000000000000000000000000000000000000000000000000000002701201700000000            000000000000000                              000                           
0010001300075T 020180230000001544772 29577050326523110   788888888888889928012017000000000010000001000620888888888888899          0900000000000010000000000000000000000000000000000000000   0000000000000000000000000A9        170192957705     
0010001300076U 020000000000000000000000000000000000000000000000000000000000000000000000000000000000000000000000000000000000000000000000002701201700000000            000000000000000                              000                           
0010001300077T 020180230000001544772 29577050326609566   788888888888889928012017000000000007500001007692888888888888899          0900000000000010000000000000000000000000000000000000000   0000000000000000000000000A9        170192957705     
0010001300078U 020000000000000000000000000000000000000000000000000000000000000000000000000000000000000000000000000000000000000000000000002701201700000000            000000000000000                              000                           
0010001300079T 020180230000001544772 29577050326703479   788888888888889928012017000000000007500001000213888888888888899          0900000000000010000000000000000000000000000000000000000   0000000000000000000000000A9        170192957705     
0010001300080U 020000000000000000000000000000000000000000000000000000000000000000000000000000000000000000000000000000000000000000000000002701201700000000            000000000000000                              000                           
0010001300081T 020180230000001544772 29577050326820943   788888888888889928012017000000000007500001012408888888888888899          0900000000000010500000000000000000000000000000000000000   0000000000000000000000000A9A4      170192957705     
0010001300082U 020000000000000000000000000000000000000000000000000000000000000000000000000000000000000000000000000000000000000000000000002701201700000000            000000000000000                              000                           
0010001300083T 020180230000001544772 29577050326921840   788888888888889928012017000000000007500001000213888888888888899          0900000000000010000000000000000000000000000000000000000   0000000000000000000000000A9        170192957705     
0010001300084U 020000000000000000000000000000000000000000000000000000000000000000000000000000000000000000000000000000000000000000000000002701201700000000            000000000000000                              000                           
0010001300085T 020180230000001544772 29577050327028937   78888888888888992801201700000000000750000103049X888888888888899          0900000000000010000000000000000000000000000000000000000   0000000000000000000000000A9        170192957705     
0010001300086U 020000000000000000000000000000000000000000000000000000000000000000000000000000000000000000000000000000000000000000000000002701201700000000            000000000000000                              000                           
0010001300087T 020180230000001544772 29577050327111602   788888888888889928012017000000000007500001032883888888888888899          0900000000000010500000000000000000000000000000000000000   0000000000000000000000000A9A4      170192957705     
0010001300088U 020000000000000000000000000000000000000000000000000000000000000000000000000000000000000000000000000000000000000000000000002701201700000000            000000000000000                              000                           
0010001300089T 020180230000001544772 29577050327206450   788888888888889928012017000000000007500001012408888888888888899          0900000000000010000000000000000000000000000000000000000   0000000000000000000000000A9        170192957705     
0010001300090U 020000000000000000000000000000000000000000000000000000000000000000000000000000000000000000000000000000000000000000000000002701201700000000            000000000000000                              000                           
0010001300091T 020180230000001544772 29577050327312597   788888888888889928012017000000000007500001004782888888888888899          0900000000000010000000000000000000000000000000000000000   0000000000000000000000000A9        170192957705     
0010001300092U 020000000000000000000000000000000000000000000000000000000000000000000000000000000000000000000000000000000000000000000000002701201700000000            000000000000000                              000                           
0010001300093T 020180230000001544772 29577050327419430   78888888888888992801201700000000000750000103049X888888888888899          0900000000000010000000000000000000000000000000000000000   0000000000000000000000000A9        170192957705     
0010001300094U 020000000000000000000000000000000000000000000000000000000000000000000000000000000000000000000000000000000000000000000000002701201700000000            000000000000000                              000                           
0010001300095T 020180230000001544772 29577050327537567   788888888888889928012017000000000007500001012408888888888888899          0900000000000010000000000000000000000000000000000000000   0000000000000000000000000A9        170192957705     
0010001300096U 020000000000000000000000000000000000000000000000000000000000000000000000000000000000000000000000000000000000000000000000002701201700000000            000000000000000                              000                           
0010001300097T 020180230000001544772 29577050327620140   788888888888889928012017000000000007500001012408888888888888899          0900000000000010000000000000000000000000000000000000000   0000000000000000000000000A9        170192957705     
0010001300098U 020000000000000000000000000000000000000000000000000000000000000000000000000000000000000000000000000000000000000000000000002701201700000000            000000000000000                              000                           
0010001300099T 020180230000001544772 29577050327744788   78888888888888992801201700000000000750000103049X888888888888899          0900000000000010000000000000000000000000000000000000000   0000000000000000000000000A9        170192957705     
0010001300100U 020000000000000000000000000000000000000000000000000000000000000000000000000000000000000000000000000000000000000000000000002701201700000000            000000000000000                              000                           
0010001300101T 020180230000001544772 29577050327823480   788888888888889928012017000000000007500001000213888888888888899          0900000000000010000000000000000000000000000000000000000   0000000000000000000000000A9        170192957705     
0010001300102U 020000000000000000000000000000000000000000000000000000000000000000000000000000000000000000000000000000000000000000000000002701201700000000            000000000000000                              000                           
0010001300103T 020180230000001544772 29577050327951239   788888888888889928012017000000000007500001004782888888888888899          0900000000000010000000000000000000000000000000000000000   0000000000000000000000000A9        170192957705     
0010001300104U 020000000000000000000000000000000000000000000000000000000000000000000000000000000000000000000000000000000000000000000000002701201700000000            000000000000000                              000                           
0010001300105T 020180230000001544772 29577050328012328   78888888888888992801201700000000000750000103049X888888888888899          0900000000000010000000000000000000000000000000000000000   0000000000000000000000000A9        170192957705     
0010001300106U 020000000000000000000000000000000000000000000000000000000000000000000000000000000000000000000000000000000000000000000000002701201700000000            000000000000000                              000                           
0010001300107T 020180230000001544772 29577050328014351   78888888888888992801201700000000000750000103049X888888888888899          0900000000000010000000000000000000000000000000000000000   0000000000000000000000000A9        170192957705     
0010001300108U 020000000000000000000000000000000000000000000000000000000000000000000000000000000000000000000000000000000000000000000000002701201700000000            000000000000000                              000                           
0010001300109T 020180230000001544772 29577050328213104   788888888888889928012017000000000007500001012408888888888888899          0900000000000010000000000000000000000000000000000000000   0000000000000000000000000A9        170192957705     
0010001300110U 020000000000000000000000000000000000000000000000000000000000000000000000000000000000000000000000000000000000000000000000002701201700000000            000000000000000                              000                           
0010001300111T 020180230000001544772 29577050328229114   788888888888889928012017000000000007500001012408888888888888899          0900000000000010000000000000000000000000000000000000000   0000000000000000000000000A9        170192957705     
0010001300112U 020000000000000000000000000000000000000000000000000000000000000000000000000000000000000000000000000000000000000000000000002701201700000000            000000000000000                              000                           
0010001300113T 020180230000001544772 29577050328252651   788888888888889928012017000000000007500001012408888888888888899          0900000000000010000000000000000000000000000000000000000   0000000000000000000000000A9        170192957705     
0010001300114U 020000000000000000000000000000000000000000000000000000000000000000000000000000000000000000000000000000000000000000000000002701201700000000            000000000000000                              000                           
0010001300115T 020180230000001544772 29577050328336794   788888888888889928012017000000000007500001012408888888888888899          0900000000000010000000000000000000000000000000000000000   0000000000000000000000000A9        170192957705     
0010001300116U 020000000000000000000000000000000000000000000000000000000000000000000000000000000000000000000000000000000000000000000000002701201700000000            000000000000000                              000                           
0010001300117T 020180230000001544772 29577050328355012   788888888888889928012017000000000007500001012408888888888888899          0900000000000010000000000000000000000000000000000000000   0000000000000000000000000A9        170192957705     
0010001300118U 020000000000000000000000000000000000000000000000000000000000000000000000000000000000000000000000000000000000000000000000002701201700000000            000000000000000                              000                           
0010001300119T 020180230000001544772 29577050328431106   788888888888889928012017000000000007500001012416888888888888899          0900000000000010000000000000000000000000000000000000000   0000000000000000000000000A9        170192957705     
0010001300120U 020000000000000000000000000000000000000000000000000000000000000000000000000000000000000000000000000000000000000000000000002701201700000000            000000000000000                              000                           
0010001300121T 020180230000001544772 29577050328511651   788888888888889928012017000000000007500001012998888888888888899          0900000000000010000000000000000000000000000000000000000   0000000000000000000000000A9        170192957705     
0010001300122U 020000000000000000000000000000000000000000000000000000000000000000000000000000000000000000000000000000000000000000000000002701201700000000            000000000000000                              000                           
0010001300123T 020180230000001544772 29577050328614051   788888888888889928012017000000000007500001036889888888888888899          0900000000000010000000000000000000000000000000000000000   0000000000000000000000000A9        170192957705     
0010001300124U 020000000000000000000000000000000000000000000000000000000000000000000000000000000000000000000000000000000000000000000000002701201700000000            000000000000000                              000                           
0010001300125T 020180230000001544772 29577050328728620   788888888888889928012017000000000007500001012408888888888888899          0900000000000010000000000000000000000000000000000000000   0000000000000000000000000A9        170192957705     
0010001300126U 020000000000000000000000000000000000000000000000000000000000000000000000000000000000000000000000000000000000000000000000002701201700000000            000000000000000                              000                           
0010001300127T 020180230000001544772 29577050328749765   788888888888889928012017000000000007500001012408888888888888899          0900000000000010000000000000000000000000000000000000000   0000000000000000000000000A9        170192957705     
0010001300128U 020000000000000000000000000000000000000000000000000000000000000000000000000000000000000000000000000000000000000000000000002701201700000000            000000000000000                              000                           
0010001300129T 020180230000001544772 29577050328757171   788888888888889928012017000000000007500001012408888888888888899          0900000000000010000000000000000000000000000000000000000   0000000000000000000000000A9        170192957705     
0010001300130U 020000000000000000000000000000000000000000000000000000000000000000000000000000000000000000000000000000000000000000000000002701201700000000            000000000000000                              000                           
0010001300131T 020180230000001544772 29577050328928856   78888888888888992801201700000000001000000103049X888888888888899          0900000000000010000000000000000000000000000000000000000   0000000000000000000000000A9        170192957705     
0010001300132U 020000000000000000000000000000000000000000000000000000000000000000000000000000000000000000000000000000000000000000000000002701201700000000            000000000000000                              000                           
0010001300133T 020180230000001544772 29577050329000506   78888888888888992801201700000000000750000103049X888888888888899          0900000000000010000000000000000000000000000000000000000   0000000000000000000000000A9        170192957705     
0010001300134U 020000000000000000000000000000000000000000000000000000000000000000000000000000000000000000000000000000000000000000000000002701201700000000            000000000000000                              000                           
0010001300135T 020180230000001544772 29577050329101395   78888888888888992801201700000000000750000103049X888888888888899          0900000000000010000000000000000000000000000000000000000   0000000000000000000000000A9        170192957705     
0010001300136U 020000000000000000000000000000000000000000000000000000000000000000000000000000000000000000000000000000000000000000000000002701201700000000            000000000000000                              000                           
0010001300137T 020180230000001544772 29577050329419605   788888888888889928012017000000000007500001000213888888888888899          0900000000000010000000000000000000000000000000000000000   0000000000000000000000000A9        170192957705     
0010001300138U 020000000000000000000000000000000000000000000000000000000000000000000000000000000000000000000000000000000000000000000000002701201700000000            000000000000000                              000                           
0010001300139T 020180230000001544772 29577050329514612   78888888888888992801201700000000000750000100829X888888888888899          0900000000000010000000000000000000000000000000000000000   0000000000000000000000000A9        170192957705     
0010001300140U 020000000000000000000000000000000000000000000000000000000000000000000000000000000000000000000000000000000000000000000000002701201700000000            000000000000000                              000                           
0010001300141T 020180230000001544772 29577050329654299   788888888888889928012017000000000007500001000213888888888888899          0900000000000010000000000000000000000000000000000000000   0000000000000000000000000A9        170192957705     
0010001300142U 020000000000000000000000000000000000000000000000000000000000000000000000000000000000000000000000000000000000000000000000002701201700000000            000000000000000                              000                           
0010001300143T 020180230000001544772 29577050329707473   78888888888888992801201700000000000750000103049X888888888888899          0900000000000010000000000000000000000000000000000000000   0000000000000000000000000A9        170192957705     
0010001300144U 020000000000000000000000000000000000000000000000000000000000000000000000000000000000000000000000000000000000000000000000002701201700000000            000000000000000                              000                           
0010001300145T 020180230000001544772 29577050329850125   788888888888889928012017000000000007500001004782888888888888899          0900000000000010000000000000000000000000000000000000000   0000000000000000000000000A9        170192957705     
0010001300146U 020000000000000000000000000000000000000000000000000000000000000000000000000000000000000000000000000000000000000000000000002701201700000000            000000000000000                              000                           
0010001300147T 020180230000001544772 29577050330328071   7               27012017000000000007500001000213                         0900000000000010000000000000000000000000000000000000000   0000000000000000000000000A9        170192957705     
0010001300148U 020000000000000000000000000000000000000000000000000000000000000000000000000000000000000000000000000000000000000000000000002701201700000000            000000000000000                              000                           
0010001300149T 020180230000001544772 29577050330335709   7               27012017000000000007500001000213                         0900000000000010000000000000000000000000000000000000000   0000000000000000000000000A9        170192957705     
0010001300150U 020000000000000000000000000000000000000000000000000000000000000000000000000000000000000000000000000000000000000000000000002701201700000000            000000000000000                              000                           
0010001300151T 060180230000001544772 29577050118057007   788888888888889928012017000000000007500021000990888888888888899          0900000000000010000000000000000000000000000000000000000   000000000000000000000029000        170192957705     
0010001300152U 060000000000000000000000000000000000000000000000000000000000000000000000075000000000000072100000000000000000000000000000002701201730012017            000000000000000                              000                           
0010001300153T 060180230000001544772 29577050281833980   788888888888889928012017000000000007500104005550888888888888899          0900000000000010000000000000000000000000000000000000000   000000000000000000000029000        170192957705     
0010001300154U 060000000000000000000000000000000000000000000000000000000000000000000000075000000000000072100000000000000000000000000000002701201730012017            000000000000000                              000                           
0010001300155T 060180230000001544772 29577050310356273   788888888888889926012017000000000007500104008800888888888888899          0900000000000010000000000000000000000000000000000000000   000000000000000000000029000        170192957705     
0010001300156U 060000000000000270000000000000000000000000000000000000000000000000000000075270000000000072370000000000000000000000000000002701201730012017            000000000000000                              000                           
0010001300157T 060180230000001544772 29577050318813056   788888888888889928012017000000000010000001018023888888888888899          0900000000000010000000000000000000000000000000000000000   000000000000000000000029000        170192957705     
0010001300158U 060000000000000000000000000000000000000000000000000000000000000000000000100000000000000097100000000000000000000000000000002701201730012017            000000000000000                              000                           
0010001300159T 060180230000001544772 29577050319059558   788888888888889928012017000000000007500341092440888888888888899          0900000000000010000000000000000000000000000000000000000   000000000000000000000029000        170192957705     
0010001300160U 060000000000000000000000000000000000000000000000000000000000000000000000075000000000000072100000000000000000000000000000002701201730012017            000000000000000                              000                           
0010001300161T 060180230000001544772 29577050322038979   788888888888889928012017000000000007500001036625888888888888899          0900000000000010000000000000000000000000000000000000000   000000000000000000000029000        170192957705     
0010001300162U 060000000000000000000000000000000000000000000000000000000000000000000000075000000000000072100000000000000000000000000000002701201730012017            000000000000000                              000                           
0010001300163T 060180230000001544772 29577050322831584   788888888888889928012017000000000007500237036910888888888888899          0900000000000010000000000000000000000000000000000000000   000000000000000000000029000        170192957705     
0010001300164U 060000000000000000000000000000000000000000000000000000000000000000000000075000000000000072100000000000000000000000000000002701201730012017            000000000000000                              000                           
0010001300165T 060180230000001544772 29577050324051205   788888888888889928012017000000000010000237009840888888888888899          0900000000000010000000000000000000000000000000000000000   000000000000000000000029000        170192957705     
0010001300166U 060000000000000000000000000000000000000000000000000000000000000000000000100000000000000097100000000000000000000000000000002701201730012017            000000000000000                              000                           
0010001300167T 060180230000001544772 29577050326125719   788888888888889928012017000000000007500001031941888888888888899          0900000000000010000000000000000000000000000000000000000   000000000000000000000029000        170192957705     
0010001300168U 060000000000000000000000000000000000000000000000000000000000000000000000075000000000000072100000000000000000000000000000002701201730012017            000000000000000                              000                           
0010001300169T 060180230000001544772 29577050326609566   788888888888889928012017000000000007500341061510888888888888899          0900000000000010000000000000000000000000000000000000000   000000000000000000000029000        170192957705     
0010001300170U 060000000000000000000000000000000000000000000000000000000000000000000000075000000000000072100000000000000000000000000000002701201730012017            000000000000000                              000                           
0010001300171T 060180230000001544772 29577050330335709   7               27012017000000000007500001018023                         0900000000000010000000000000000000000000000000000000000   000000000000000000000029000        170192957705     
0010001300172U 060000000000000000000000000000000000000000000000000000000000000000000000075000000000000072100000000000000000000000000000002701201730012017            000000000000000                              000                           
0010001300173T 030180230000001544772 29577050200943415   78888888888888992801201700000000001000000100000 888888888888899          0900000000000000000000000000000000000000000000000000000   000000000000000000000000063        170192957705     
0010001300174U 030000000000000000000000000000000000000000000000000000000000000000000000000000000000000000000000000000000000000000000000002701201700000000            000000000000000                              000                           
0010001300175T 030180230000001544772 29577050218808166   78888888888888992801201700000000000750000100000 888888888888899          0900000000000000000000000000000000000000000000000000000   000000000000000000000000063        170192957705     
0010001300176U 030000000000000000000000000000000000000000000000000000000000000000000000000000000000000000000000000000000000000000000000002701201700000000            000000000000000                              000                           
0010001300177T 030180230000001544772 29577050237740424   78888888888888992801201700000000000750000100000 888888888888899          0900000000000000000000000000000000000000000000000000000   000000000000000000000000063        170192957705     
0010001300178U 030000000000000000000000000000000000000000000000000000000000000000000000000000000000000000000000000000000000000000000000002701201700000000            000000000000000                              000                           
0010001300179T 030180230000001544772 29577050278512068   78888888888888992801201700000000000750000100000 888888888888899          0900000000000000000000000000000000000000000000000000000   000000000000000000000000063        170192957705     
0010001300180U 030000000000000000000000000000000000000000000000000000000000000000000000000000000000000000000000000000000000000000000000002701201700000000            000000000000000                              000                           
0010001300181T 030180230000001544772 29577050325637206   78888888888888992801201700000000000750000100000 888888888888899          0900000000000000000000000000000000000000000000000000000   000000000000000000000000063        170192957705     
0010001300182U 030000000000000000000000000000000000000000000000000000000000000000000000000000000000000000000000000000000000000000000000002701201700000000            000000000000000                              000                           
00100015         000184001783000000000136540000000000000000000000000000000000000000000000000000000000000000000000000000000000000000000000000000000                                                                                              
00199999         000001000186000000                                                                                                                                                            00000000000000000000000000000                    
