00100000         2247745860001000029577050014       0180230000001544772 INSTITUTO DE SELECAO E TECNOLOBANCO DO BRASIL                         20202201702173900007803000000515122941PROCESSAMEN                                                 
00100011T0100020 20247745860001000029577050014       0180230000001544772 INSTITUTO DE SELECAO E TECNOLO                                                                                000000000202201700000000  000000000                      
0010001300001T 020180230000001544772 29577050037105006   788888888888889904022017000000000007500001000213888888888888899          0900000000000010000000000000000000000000000000000000000   0000000000000000000000000A9        170192957705     
0010001300002U 020000000000000000000000000000000000000000000000000000000000000000000000000000000000000000000000000000000000000000000000000202201700000000            000000000000000                              000                           
0010001300003T 020180230000001544772 29577050037218274   788888888888889904022017000000000007500001000213888888888888899          0900000000000010000000000000000000000000000000000000000   0000000000000000000000000A9        170192957705     
0010001300004U 020000000000000000000000000000000000000000000000000000000000000000000000000000000000000000000000000000000000000000000000000202201700000000            000000000000000                              000                           
0010001300005T 020180230000001544772 29577050080826307   788888888888889904022017000000000007500001004782888888888888899          0900000000000010000000000000000000000000000000000000000   0000000000000000000000000A9        170192957705     
0010001300006U 020000000000000000000000000000000000000000000000000000000000000000000000000000000000000000000000000000000000000000000000000202201700000000            000000000000000                              000                           
0010001300007T 020180230000001544772 29577050164710866   788888888888889904022017000000000007500001000213888888888888899          0900000000000010000000000000000000000000000000000000000   0000000000000000000000000A9        170192957705     
0010001300008U 020000000000000000000000000000000000000000000000000000000000000000000000000000000000000000000000000000000000000000000000000202201700000000            000000000000000                              000                           
0010001300009T 020180230000001544772 29577050221838458   788888888888889904022017000000000007500001000213888888888888899          0900000000000010000000000000000000000000000000000000000   0000000000000000000000000A9        170192957705     
0010001300010U 020000000000000000000000000000000000000000000000000000000000000000000000000000000000000000000000000000000000000000000000000202201700000000            000000000000000                              000                           
0010001300011T 020180230000001544772 29577050234129350   788888888888889904022017000000000007500001012416888888888888899          0900000000000010000000000000000000000000000000000000000   0000000000000000000000000A9        170192957705     
0010001300012U 020000000000000000000000000000000000000000000000000000000000000000000000000000000000000000000000000000000000000000000000000202201700000000            000000000000000                              000                           
0010001300013T 020180230000001544772 29577050240101692   788888888888889904022017000000000007500001012408888888888888899          0900000000000010000000000000000000000000000000000000000   0000000000000000000000000A9        170192957705     
0010001300014U 020000000000000000000000000000000000000000000000000000000000000000000000000000000000000000000000000000000000000000000000000202201700000000            000000000000000                              000                           
0010001300015T 020180230000001544772 29577050340557387   788888888888889904022017000000000007500001012408888888888888899          0900000000000010000000000000000000000000000000000000000   0000000000000000000000000A9        170192957705     
0010001300016U 020000000000000000000000000000000000000000000000000000000000000000000000000000000000000000000000000000000000000000000000000202201700000000            000000000000000                              000                           
0010001300017T 020180230000001544772 29577050357508063   78888888888888990402201700000000000750000103049X888888888888899          0900000000000010000000000000000000000000000000000000000   0000000000000000000000000A9        170192957705     
0010001300018U 020000000000000000000000000000000000000000000000000000000000000000000000000000000000000000000000000000000000000000000000000202201700000000            000000000000000                              000                           
0010001300019T 020180230000001544772 29577050357726254   788888888888889904022017000000000007500001000213888888888888899          0900000000000010000000000000000000000000000000000000000   0000000000000000000000000A9        170192957705     
0010001300020U 020000000000000000000000000000000000000000000000000000000000000000000000000000000000000000000000000000000000000000000000000202201700000000            000000000000000                              000                           
0010001300021T 020180230000001544772 29577050372547753   788888888888889904022017000000000007500001012408888888888888899          0900000000000010000000000000000000000000000000000000000   0000000000000000000000000A9        170192957705     
0010001300022U 020000000000000000000000000000000000000000000000000000000000000000000000000000000000000000000000000000000000000000000000000202201700000000            000000000000000                              000                           
0010001300023T 020180230000001544772 29577050381222109   788888888888889904022017000000000007500001012408888888888888899          0900000000000010000000000000000000000000000000000000000   0000000000000000000000000A9        170192957705     
0010001300024U 020000000000000000000000000000000000000000000000000000000000000000000000000000000000000000000000000000000000000000000000000202201700000000            000000000000000                              000                           
0010001300025T 020180230000001544772 29577050381715249   788888888888889904022017000000000007500001000213888888888888899          0900000000000010000000000000000000000000000000000000000   0000000000000000000000000A9        170192957705     
0010001300026U 020000000000000000000000000000000000000000000000000000000000000000000000000000000000000000000000000000000000000000000000000202201700000000            000000000000000                              000                           
0010001300027T 020180230000001544772 29577050386331834   788888888888889904022017000000000007500001012408888888888888899          0900000000000010500000000000000000000000000000000000000   0000000000000000000000000A9A4      170192957705     
0010001300028U 020000000000000000000000000000000000000000000000000000000000000000000000000000000000000000000000000000000000000000000000000202201700000000            000000000000000                              000                           
0010001300029T 020180230000001544772 29577050387133504   788888888888889904022017000000000007500001012408888888888888899          0900000000000010000000000000000000000000000000000000000   0000000000000000000000000A9        170192957705     
0010001300030U 020000000000000000000000000000000000000000000000000000000000000000000000000000000000000000000000000000000000000000000000000202201700000000            000000000000000                              000                           
0010001300031T 020180230000001544772 29577050387219116   788888888888889904022017000000000007500001012408888888888888899          0900000000000010000000000000000000000000000000000000000   0000000000000000000000000A9        170192957705     
0010001300032U 020000000000000000000000000000000000000000000000000000000000000000000000000000000000000000000000000000000000000000000000000202201700000000            000000000000000                              000                           
0010001300033T 020180230000001544772 29577050387313757   788888888888889904022017000000000007500001012416888888888888899          0900000000000010000000000000000000000000000000000000000   0000000000000000000000000A9        170192957705     
0010001300034U 020000000000000000000000000000000000000000000000000000000000000000000000000000000000000000000000000000000000000000000000000202201700000000            000000000000000                              000                           
0010001300035T 020180230000001544772 29577050387535146   78888888888888990402201700000000001000000103049X888888888888899          0900000000000010000000000000000000000000000000000000000   0000000000000000000000000A9        170192957705     
0010001300036U 020000000000000000000000000000000000000000000000000000000000000000000000000000000000000000000000000000000000000000000000000202201700000000            000000000000000                              000                           
0010001300037T 020180230000001544772 29577050387629629   788888888888889904022017000000000007500001012416888888888888899          0900000000000010000000000000000000000000000000000000000   0000000000000000000000000A9        170192957705     
0010001300038U 020000000000000000000000000000000000000000000000000000000000000000000000000000000000000000000000000000000000000000000000000202201700000000            000000000000000                              000                           
0010001300039T 020180230000001544772 29577050387643376   788888888888889904022017000000000007500001012416888888888888899          0900000000000010000000000000000000000000000000000000000   0000000000000000000000000A9        170192957705     
0010001300040U 020000000000000000000000000000000000000000000000000000000000000000000000000000000000000000000000000000000000000000000000000202201700000000            000000000000000                              000                           
0010001300041T 020180230000001544772 29577050387832560   788888888888889904022017000000000007500001012408888888888888899          0900000000000010000000000000000000000000000000000000000   0000000000000000000000000A9        170192957705     
0010001300042U 020000000000000000000000000000000000000000000000000000000000000000000000000000000000000000000000000000000000000000000000000202201700000000            000000000000000                              000                           
0010001300043T 020180230000001544772 29577050387917220   78888888888888990402201700000000000750000103049X888888888888899          0900000000000010000000000000000000000000000000000000000   0000000000000000000000000A9        170192957705     
0010001300044U 020000000000000000000000000000000000000000000000000000000000000000000000000000000000000000000000000000000000000000000000000202201700000000            000000000000000                              000                           
0010001300045T 020180230000001544772 29577050388023588   788888888888889904022017000000000007500001012416888888888888899          0900000000000010000000000000000000000000000000000000000   0000000000000000000000000A9        170192957705     
0010001300046U 020000000000000000000000000000000000000000000000000000000000000000000000000000000000000000000000000000000000000000000000000202201700000000            000000000000000                              000                           
0010001300047T 020180230000001544772 29577050388129850   788888888888889904022017000000000007500001012416888888888888899          0900000000000010000000000000000000000000000000000000000   0000000000000000000000000A9        170192957705     
0010001300048U 020000000000000000000000000000000000000000000000000000000000000000000000000000000000000000000000000000000000000000000000000202201700000000            000000000000000                              000                           
0010001300049T 020180230000001544772 29577050388208154   788888888888889904022017000000000010000001010839888888888888899          0900000000000010500000000000000000000000000000000000000   0000000000000000000000000A9A4      170192957705     
0010001300050U 020000000000000000000000000000000000000000000000000000000000000000000000000000000000000000000000000000000000000000000000000202201700000000            000000000000000                              000                           
0010001300051T 020180230000001544772 29577050388346874   78888888888888990402201700000000000750000103049X888888888888899          0900000000000010500000000000000000000000000000000000000   0000000000000000000000000A9A4      170192957705     
0010001300052U 020000000000000000000000000000000000000000000000000000000000000000000000000000000000000000000000000000000000000000000000000202201700000000            000000000000000                              000                           
0010001300053T 020180230000001544772 29577050388738285   788888888888889904022017000000000007500001012408888888888888899          0900000000000010000000000000000000000000000000000000000   0000000000000000000000000A9        170192957705     
0010001300054U 020000000000000000000000000000000000000000000000000000000000000000000000000000000000000000000000000000000000000000000000000202201700000000            000000000000000                              000                           
0010001300055T 020180230000001544772 29577050388845038   78888888888888990402201700000000000750000103049X888888888888899          0900000000000010500000000000000000000000000000000000000   0000000000000000000000000A9A4      170192957705     
0010001300056U 020000000000000000000000000000000000000000000000000000000000000000000000000000000000000000000000000000000000000000000000000202201700000000            000000000000000                              000                           
0010001300057T 020180230000001544772 29577050388943030   78888888888888990402201700000000000750000103049X888888888888899          0900000000000010500000000000000000000000000000000000000   0000000000000000000000000A9A4      170192957705     
0010001300058U 020000000000000000000000000000000000000000000000000000000000000000000000000000000000000000000000000000000000000000000000000202201700000000            000000000000000                              000                           
0010001300059T 020180230000001544772 29577050389144928   78888888888888990402201700000000000750000103049X888888888888899          0900000000000010000000000000000000000000000000000000000   0000000000000000000000000A9        170192957705     
0010001300060U 020000000000000000000000000000000000000000000000000000000000000000000000000000000000000000000000000000000000000000000000000202201700000000            000000000000000                              000                           
0010001300061T 020180230000001544772 29577050389208579   78888888888888990402201700000000000750000103049X888888888888899          0900000000000010000000000000000000000000000000000000000   0000000000000000000000000A9        170192957705     
0010001300062U 020000000000000000000000000000000000000000000000000000000000000000000000000000000000000000000000000000000000000000000000000202201700000000            000000000000000                              000                           
0010001300063T 020180230000001544772 29577050389312100   78888888888888990402201700000000000750000103049X888888888888899          0900000000000010000000000000000000000000000000000000000   0000000000000000000000000A9        170192957705     
0010001300064U 020000000000000000000000000000000000000000000000000000000000000000000000000000000000000000000000000000000000000000000000000202201700000000            000000000000000                              000                           
0010001300065T 020180230000001544772 29577050389457267   788888888888889904022017000000000007500001000213888888888888899          0900000000000010000000000000000000000000000000000000000   0000000000000000000000000A9        170192957705     
0010001300066U 020000000000000000000000000000000000000000000000000000000000000000000000000000000000000000000000000000000000000000000000000202201700000000            000000000000000                              000                           
0010001300067T 020180230000001544772 29577050389553870   788888888888889904022017000000000007500001012416888888888888899          0900000000000010000000000000000000000000000000000000000   0000000000000000000000000A9        170192957705     
0010001300068U 020000000000000000000000000000000000000000000000000000000000000000000000000000000000000000000000000000000000000000000000000202201700000000            000000000000000                              000                           
0010001300069T 020180230000001544772 29577050389713092   788888888888889904022017000000000007500001000213888888888888899          0900000000000010000000000000000000000000000000000000000   0000000000000000000000000A9        170192957705     
0010001300070U 020000000000000000000000000000000000000000000000000000000000000000000000000000000000000000000000000000000000000000000000000202201700000000            000000000000000                              000                           
0010001300071T 020180230000001544772 29577050389831969   78888888888888990402201700000000000750000103049X888888888888899          0900000000000010000000000000000000000000000000000000000   0000000000000000000000000A9        170192957705     
0010001300072U 020000000000000000000000000000000000000000000000000000000000000000000000000000000000000000000000000000000000000000000000000202201700000000            000000000000000                              000                           
0010001300073T 020180230000001544772 29577050389913145   788888888888889904022017000000000007500001012408888888888888899          0900000000000010000000000000000000000000000000000000000   0000000000000000000000000A9        170192957705     
0010001300074U 020000000000000000000000000000000000000000000000000000000000000000000000000000000000000000000000000000000000000000000000000202201700000000            000000000000000                              000                           
0010001300075T 020180230000001544772 29577050390021253   788888888888889904022017000000000007500001002224888888888888899          0900000000000010500000000000000000000000000000000000000   0000000000000000000000000A9A4      170192957705     
0010001300076U 020000000000000000000000000000000000000000000000000000000000000000000000000000000000000000000000000000000000000000000000000202201700000000            000000000000000                              000                           
0010001300077T 020180230000001544772 29577050390021851   788888888888889904022017000000000007500001002224888888888888899          0900000000000010500000000000000000000000000000000000000   0000000000000000000000000A9A4      170192957705     
0010001300078U 020000000000000000000000000000000000000000000000000000000000000000000000000000000000000000000000000000000000000000000000000202201700000000            000000000000000                              000                           
0010001300079T 020180230000001544772 29577050390022174   788888888888889904022017000000000007500001002224888888888888899          0900000000000010500000000000000000000000000000000000000   0000000000000000000000000A9A4      170192957705     
0010001300080U 020000000000000000000000000000000000000000000000000000000000000000000000000000000000000000000000000000000000000000000000000202201700000000            000000000000000                              000                           
0010001300081T 020180230000001544772 29577050390132128   788888888888889904022017000000000007500001012416888888888888899          0900000000000010500000000000000000000000000000000000000   0000000000000000000000000A9A4      170192957705     
0010001300082U 020000000000000000000000000000000000000000000000000000000000000000000000000000000000000000000000000000000000000000000000000202201700000000            000000000000000                              000                           
0010001300083T 020180230000001544772 29577050390237260   788888888888889904022017000000000007500001012408888888888888899          0900000000000010000000000000000000000000000000000000000   0000000000000000000000000A9        170192957705     
0010001300084U 020000000000000000000000000000000000000000000000000000000000000000000000000000000000000000000000000000000000000000000000000202201700000000            000000000000000                              000                           
0010001300085T 020180230000001544772 29577050390302711   78888888888888990402201700000000000750000103049X888888888888899          0900000000000010000000000000000000000000000000000000000   0000000000000000000000000A9        170192957705     
0010001300086U 020000000000000000000000000000000000000000000000000000000000000000000000000000000000000000000000000000000000000000000000000202201700000000            000000000000000                              000                           
0010001300087T 020180230000001544772 29577050390351030   78888888888888990402201700000000000750000103049X888888888888899          0900000000000010000000000000000000000000000000000000000   0000000000000000000000000A9        170192957705     
0010001300088U 020000000000000000000000000000000000000000000000000000000000000000000000000000000000000000000000000000000000000000000000000202201700000000            000000000000000                              000                           
0010001300089T 020180230000001544772 29577050390459238   788888888888889904022017000000000007500001012408888888888888899          0900000000000010000000000000000000000000000000000000000   0000000000000000000000000A9        170192957705     
0010001300090U 020000000000000000000000000000000000000000000000000000000000000000000000000000000000000000000000000000000000000000000000000202201700000000            000000000000000                              000                           
0010001300091T 060180230000001544772 29577050169947211   788888888888889903022017000000000007500021002680888888888888899          0900000000000010000000000000000000000000000000000000000   000000000000000000000029000        170192957705     
0010001300092U 060000000000000000000000000000000000000000000000000000000000000000000000075000000000000072100000000000000000000000000000000202201703022017            000000000000000                              000                           
0010001300093T 170180230000001544772 29577050198029103   7               00000000000000000007500021006130                         0900000000000010000000000000000000000000000000000000000   000000000000000000000070003        170192957705     
0010001300094U 170000000000000000000000000000000000000000000000000000000000000000000000075000000000000068000000000000000000000000000000000202201703022017            000000000000000                              000                           
0010001300095T 060180230000001544772 29577050221838458   788888888888889904022017000000000007500104030840888888888888899          0900000000000010000000000000000000000000000000000000000   000000000000000000000029000        170192957705     
0010001300096U 060000000000000000000000000000000000000000000000000000000000000000000000075000000000000072100000000000000000000000000000000202201703022017            000000000000000                              000                           
0010001300097T 170180230000001544772 29577050227436371   7               00000000000000000007500104010460                         0900000000000010000000000000000000000000000000000000000   000000000000000000000070003        170192957705     
0010001300098U 170000000000000000000000000000000000000000000000000000000000000000000000075000000000000068000000000000000000000000000000000202201703022017            000000000000000                              000                           
0010001300099T 170180230000001544772 29577050230029193   7               00000000000000000010000001029890                         0900000000000010000000000000000000000000000000000000000   000000000000000000000070003        170192957705     
0010001300100U 170000000000000000000000000000000000000000000000000000000000000000000000100000000000000093000000000000000000000000000000000202201703022017            000000000000000                              000                           
0010001300101T 060180230000001544772 29577050246907043   788888888888889903022017000000000007500104008810888888888888899          0900000000000010000000000000000000000000000000000000000   000000000000000000000029000        170192957705     
0010001300102U 060000000000000000000000000000000000000000000000000000000000000000000000075000000000000072100000000000000000000000000000000202201703022017            000000000000000                              000                           
0010001300103T 060180230000001544772 29577050265828988   788888888888889903022017000000000007500001000833888888888888899          0900000000000010000000000000000000000000000000000000000   000000000000000000000029000        170192957705     
0010001300104U 060000000000000000000000000000000000000000000000000000000000000000000000075000000000000072100000000000000000000000000000000202201703022017            000000000000000                              000                           
0010001300105T 060180230000001544772 29577050322129172   788888888888889903022017000000000007500104001330888888888888899          0900000000000010000000000000000000000000000000000000000   000000000000000000000029000        170192957705     
0010001300106U 060000000000000000000000000000000000000000000000000000000000000000000000075000000000000072100000000000000000000000000000000202201703022017            000000000000000                              000                           
0010001300107T 170180230000001544772 29577050358110182   7               00000000000000000010000237006300                         0900000000000010000000000000000000000000000000000000000   000000000000000000000070003        170192957705     
0010001300108U 170000000000000000000000000000000000000000000000000000000000000000000000100000000000000093000000000000000000000000000000000202201703022017            000000000000000                              000                           
0010001300109T 170180230000001544772 29577050361227336   7               00000000000000000007500104031320                         0900000000000010000000000000000000000000000000000000000   000000000000000000000070003        170192957705     
0010001300110U 170000000000000000000000000000000000000000000000000000000000000000000000075000000000000068000000000000000000000000000000000202201703022017            000000000000000                              000                           
0010001300111T 170180230000001544772 29577050364917036   7               00000000000000000007500021001180                         0900000000000010000000000000000000000000000000000000000   000000000000000000000070003        170192957705     
0010001300112U 170000000000000000000000000000000000000000000000000000000000000000000000075000000000000068000000000000000000000000000000000202201703022017            000000000000000                              000                           
0010001300113T 170180230000001544772 29577050367203456   7               00000000000000000007500001018023                         0900000000000010000000000000000000000000000000000000000   000000000000000000000070003        170192957705     
0010001300114U 170000000000000000000000000000000000000000000000000000000000000000000000075000000000000068000000000000000000000000000000000202201703022017            000000000000000                              000                           
0010001300115T 170180230000001544772 29577050367822674   7               00000000000000000007500001018023                         0900000000000010000000000000000000000000000000000000000   000000000000000000000070003        170192957705     
0010001300116U 170000000000000000000000000000000000000000000000000000000000000000000000075000000000000068000000000000000000000000000000000202201703022017            000000000000000                              000                           
0010001300117T 170180230000001544772 29577050367956651   7               00000000000000000007500104010340                         0900000000000010000000000000000000000000000000000000000   000000000000000000000070003        170192957705     
0010001300118U 170000000000000000000000000000000000000000000000000000000000000000000000075000000000000068000000000000000000000000000000000202201703022017            000000000000000                              000                           
0010001300119T 060180230000001544772 29577050370420223   788888888888889903022017000000000007500104020990888888888888899          0900000000000010000000000000000000000000000000000000000   000000000000000000000029000        170192957705     
0010001300120U 060000000000000000000000000000000000000000000000000000000000000000000000075000000000000072100000000000000000000000000000000202201703022017            000000000000000                              000                           
0010001300121T 060180230000001544772 29577050370732967   788888888888889903022017000000000007500001000833888888888888899          0900000000000010000000000000000000000000000000000000000   000000000000000000000029000        170192957705     
0010001300122U 060000000000000000000000000000000000000000000000000000000000000000000000075000000000000072100000000000000000000000000000000202201703022017            000000000000000                              000                           
0010001300123T 060180230000001544772 29577050372917224   78888888888888990302201700000000001000000100829X888888888888899          0900000000000010000000000000000000000000000000000000000   000000000000000000000029000        170192957705     
0010001300124U 060000000000000000000000000000000000000000000000000000000000000000000000100000000000000097100000000000000000000000000000000202201703022017            000000000000000                              000                           
0010001300125T 060180230000001544772 29577050373903661   788888888888889903022017000000000007500001030848888888888888899          0900000000000010000000000000000000000000000000000000000   000000000000000000000029000        170192957705     
0010001300126U 060000000000000000000000000000000000000000000000000000000000000000000000075000000000000072100000000000000000000000000000000202201703022017            000000000000000                              000                           
0010001300127T 060180230000001544772 29577050378151886   788888888888889903022017000000000007500033047510888888888888899          0900000000000010000000000000000000000000000000000000000   000000000000000000000029000        170192957705     
0010001300128U 060000000000000000000000000000000000000000000000000000000000000000000000075000000000000072100000000000000000000000000000000202201703022017            000000000000000                              000                           
0010001300129T 170180230000001544772 29577050379225902   7               00000000000000000007500756013550                         0900000000000010000000000000000000000000000000000000000   000000000000000000000070003        170192957705     
0010001300130U 170000000000000000000000000000000000000000000000000000000000000000000000075000000000000068000000000000000000000000000000000202201703022017            000000000000000                              000                           
0010001300131T 060180230000001544772 29577050381222109   788888888888889904022017000000000007500341000700888888888888899          0900000000000010000000000000000000000000000000000000000   000000000000000000000029000        170192957705     
0010001300132U 060000000000000000000000000000000000000000000000000000000000000000000000075000000000000072100000000000000000000000000000000202201703022017            000000000000000                              000                           
0010001300133T 170180230000001544772 29577050383755756   7               00000000000000000007500104036300                         0900000000000010000000000000000000000000000000000000000   000000000000000000000070003        170192957705     
0010001300134U 170000000000000000000000000000000000000000000000000000000000000000000000075000000000000068000000000000000000000000000000000202201703022017            000000000000000                              000                           
0010001300135T 060180230000001544772 29577050390459238   788888888888889904022017000000000007500341000700888888888888899          0900000000000010000000000000000000000000000000000000000   000000000000000000000029000        170192957705     
0010001300136U 060000000000000000000000000000000000000000000000000000000000000000000000075000000000000072100000000000000000000000000000000202201703022017            000000000000000                              000                           
0010001300137T 170180230000001544772 29577050392126979   7               00000000000000000007500021000840                         0900000000000010000000000000000000000000000000000000000   000000000000000000000070003        170192957705     
0010001300138U 170000000000000000000000000000000000000000000000000000000000000000000000075000000000000068000000000000000000000000000000000202201703022017            000000000000000                              000                           
0010001300139T 170180230000001544772 29577050395639622   7               00000000000000000007500104033080                         0900000000000010000000000000000000000000000000000000000   000000000000000000000070003        170192957705     
0010001300140U 170000000000000000000000000000000000000000000000000000000000000000000000075000000000000068000000000000000000000000000000000202201703022017            000000000000000                              000                           
0010001300141T 170180230000001544772 29577050399903598   7               00000000000000000007500033015420                         0900000000000010000000000000000000000000000000000000000   000000000000000000000070003        170192957705     
0010001300142U 170000000000000000000000000000000000000000000000000000000000000000000000075000000000000068000000000000000000000000000000000202201703022017            000000000000000                              000                           
0010001300143T 280180230000001544772 29577050022857560   788888888888889903012017000000000007500001000000888888888888899          0900000000000000000000000000000000000000000000000000000   000000000000000000000005002        170192957705     
0010001300144U 280000000000000000000000000000000000000000000000000000000000000000000000000000000000000000000000000000000000000000000000000202201700000000            000000000000000                              000                           
0010001300145T 280180230000001544772 29577050023149375   788888888888889903012017000000000007500001000000888888888888899          0900000000000000000000000000000000000000000000000000000   000000000000000000000005002        170192957705     
0010001300146U 280000000000000000000000000000000000000000000000000000000000000000000000000000000000000000000000000000000000000000000000000202201700000000            000000000000000                              000                           
0010001300147T 280180230000001544772 29577050023313280   788888888888889903012017000000000007500001000000888888888888899          0900000000000000000000000000000000000000000000000000000   000000000000000000000005002        170192957705     
0010001300148U 280000000000000000000000000000000000000000000000000000000000000000000000000000000000000000000000000000000000000000000000000202201700000000            000000000000000                              000                           
0010001300149T 280180230000001544772 29577050104501338   788888888888889903012017000000000007500001000000888888888888899          0900000000000000000000000000000000000000000000000000000   000000000000000000000005002        170192957705     
0010001300150U 280000000000000000000000000000000000000000000000000000000000000000000000000000000000000000000000000000000000000000000000000202201700000000            000000000000000                              000                           
0010001300151T 280180230000001544772 29577050111354796   788888888888889903012017000000000007500001000000888888888888899          0900000000000000000000000000000000000000000000000000000   000000000000000000000005002        170192957705     
0010001300152U 280000000000000000000000000000000000000000000000000000000000000000000000000000000000000000000000000000000000000000000000000202201700000000            000000000000000                              000                           
0010001300153T 280180230000001544772 29577050114120048   788888888888889903012017000000000007500001000000888888888888899          0900000000000000000000000000000000000000000000000000000   000000000000000000000005002        170192957705     
0010001300154U 280000000000000000000000000000000000000000000000000000000000000000000000000000000000000000000000000000000000000000000000000202201700000000            000000000000000                              000                           
0010001300155T 280180230000001544772 29577050114158167   788888888888889903012017000000000007500001000000888888888888899          0900000000000000000000000000000000000000000000000000000   000000000000000000000005002        170192957705     
0010001300156U 280000000000000000000000000000000000000000000000000000000000000000000000000000000000000000000000000000000000000000000000000202201700000000            000000000000000                              000                           
0010001300157T 280180230000001544772 29577050117558784   788888888888889903012017000000000007500001000000888888888888899          0900000000000000000000000000000000000000000000000000000   000000000000000000000005002        170192957705     
0010001300158U 280000000000000000000000000000000000000000000000000000000000000000000000000000000000000000000000000000000000000000000000000202201700000000            000000000000000                              000                           
0010001300159T 280180230000001544772 29577050117615225   788888888888889903012017000000000007500001000000888888888888899          0900000000000000000000000000000000000000000000000000000   000000000000000000000005002        170192957705     
0010001300160U 280000000000000000000000000000000000000000000000000000000000000000000000000000000000000000000000000000000000000000000000000202201700000000            000000000000000                              000                           
0010001300161T 280180230000001544772 29577050117836312   788888888888889903012017000000000007500001000000888888888888899          0900000000000000000000000000000000000000000000000000000   000000000000000000000005002        170192957705     
0010001300162U 280000000000000000000000000000000000000000000000000000000000000000000000000000000000000000000000000000000000000000000000000202201700000000            000000000000000                              000                           
0010001300163T 280180230000001544772 29577050117958446   788888888888889903012017000000000007500001000000888888888888899          0900000000000000000000000000000000000000000000000000000   000000000000000000000005002        170192957705     
0010001300164U 280000000000000000000000000000000000000000000000000000000000000000000000000000000000000000000000000000000000000000000000000202201700000000            000000000000000                              000                           
0010001300165T 280180230000001544772 29577050118135171   788888888888889903012017000000000007500001000000888888888888899          0900000000000000000000000000000000000000000000000000000   000000000000000000000005002        170192957705     
0010001300166U 280000000000000000000000000000000000000000000000000000000000000000000000000000000000000000000000000000000000000000000000000202201700000000            000000000000000                              000                           
0010001300167T 280180230000001544772 29577050118328150   788888888888889903012017000000000007500001000000888888888888899          0900000000000000000000000000000000000000000000000000000   000000000000000000000005002        170192957705     
0010001300168U 280000000000000000000000000000000000000000000000000000000000000000000000000000000000000000000000000000000000000000000000000202201700000000            000000000000000                              000                           
0010001300169T 280180230000001544772 29577050118433082   788888888888889903012017000000000007500001000000888888888888899          0900000000000000000000000000000000000000000000000000000   000000000000000000000005002        170192957705     
0010001300170U 280000000000000000000000000000000000000000000000000000000000000000000000000000000000000000000000000000000000000000000000000202201700000000            000000000000000                              000                           
0010001300171T 280180230000001544772 29577050118546625   788888888888889903012017000000000010000001000000888888888888899          0900000000000000000000000000000000000000000000000000000   000000000000000000000005002        170192957705     
0010001300172U 280000000000000000000000000000000000000000000000000000000000000000000000000000000000000000000000000000000000000000000000000202201700000000            000000000000000                              000                           
0010001300173T 280180230000001544772 29577050118554777   788888888888889903012017000000000010000001000000888888888888899          0900000000000000000000000000000000000000000000000000000   000000000000000000000005002        170192957705     
0010001300174U 280000000000000000000000000000000000000000000000000000000000000000000000000000000000000000000000000000000000000000000000000202201700000000            000000000000000                              000                           
0010001300175T 280180230000001544772 29577050118634184   788888888888889903012017000000000007500001000000888888888888899          0900000000000000000000000000000000000000000000000000000   000000000000000000000005002        170192957705     
0010001300176U 280000000000000000000000000000000000000000000000000000000000000000000000000000000000000000000000000000000000000000000000000202201700000000            000000000000000                              000                           
0010001300177T 280180230000001544772 29577050118940198   788888888888889903012017000000000007500001000000888888888888899          0900000000000000000000000000000000000000000000000000000   000000000000000000000005002        170192957705     
0010001300178U 280000000000000000000000000000000000000000000000000000000000000000000000000000000000000000000000000000000000000000000000000202201700000000            000000000000000                              000                           
0010001300179T 280180230000001544772 29577050119229536   788888888888889903012017000000000007500001000000888888888888899          0900000000000000000000000000000000000000000000000000000   000000000000000000000005002        170192957705     
0010001300180U 280000000000000000000000000000000000000000000000000000000000000000000000000000000000000000000000000000000000000000000000000202201700000000            000000000000000                              000                           
0010001300181T 280180230000001544772 29577050119247068   788888888888889903012017000000000007500001000000888888888888899          0900000000000000000000000000000000000000000000000000000   000000000000000000000005002        170192957705     
0010001300182U 280000000000000000000000000000000000000000000000000000000000000000000000000000000000000000000000000000000000000000000000000202201700000000            000000000000000                              000                           
0010001300183T 280180230000001544772 29577050119314891   788888888888889903012017000000000007500001000000888888888888899          0900000000000000000000000000000000000000000000000000000   000000000000000000000005002        170192957705     
0010001300184U 280000000000000000000000000000000000000000000000000000000000000000000000000000000000000000000000000000000000000000000000000202201700000000            000000000000000                              000                           
0010001300185T 280180230000001544772 29577050119328884   788888888888889903012017000000000007500001000000888888888888899          0900000000000000000000000000000000000000000000000000000   000000000000000000000005002        170192957705     
0010001300186U 280000000000000000000000000000000000000000000000000000000000000000000000000000000000000000000000000000000000000000000000000202201700000000            000000000000000                              000                           
0010001300187T 280180230000001544772 29577050119402449   788888888888889903012017000000000007500001000000888888888888899          0900000000000000000000000000000000000000000000000000000   000000000000000000000005002        170192957705     
0010001300188U 280000000000000000000000000000000000000000000000000000000000000000000000000000000000000000000000000000000000000000000000000202201700000000            000000000000000                              000                           
0010001300189T 280180230000001544772 29577050119533373   788888888888889903012017000000000007500001000000888888888888899          0900000000000000000000000000000000000000000000000000000   000000000000000000000005002        170192957705     
0010001300190U 280000000000000000000000000000000000000000000000000000000000000000000000000000000000000000000000000000000000000000000000000202201700000000            000000000000000                              000                           
0010001300191T 280180230000001544772 29577050119823372   788888888888889903012017000000000007500001000000888888888888899          0900000000000000000000000000000000000000000000000000000   000000000000000000000005002        170192957705     
0010001300192U 280000000000000000000000000000000000000000000000000000000000000000000000000000000000000000000000000000000000000000000000000202201700000000            000000000000000                              000                           
0010001300193T 280180230000001544772 29577050119950735   788888888888889903012017000000000010000001000000888888888888899          0900000000000000000000000000000000000000000000000000000   000000000000000000000005002        170192957705     
0010001300194U 280000000000000000000000000000000000000000000000000000000000000000000000000000000000000000000000000000000000000000000000000202201700000000            000000000000000                              000                           
0010001300195T 280180230000001544772 29577050120006746   788888888888889903012017000000000007500001000000888888888888899          0900000000000000000000000000000000000000000000000000000   000000000000000000000005002        170192957705     
0010001300196U 280000000000000000000000000000000000000000000000000000000000000000000000000000000000000000000000000000000000000000000000000202201700000000            000000000000000                              000                           
0010001300197T 280180230000001544772 29577050120103408   788888888888889903012017000000000010000001000000888888888888899          0900000000000000000000000000000000000000000000000000000   000000000000000000000005002        170192957705     
0010001300198U 280000000000000000000000000000000000000000000000000000000000000000000000000000000000000000000000000000000000000000000000000202201700000000            000000000000000                              000                           
0010001300199T 280180230000001544772 29577050120247367   788888888888889903012017000000000007500001000000888888888888899          0900000000000000000000000000000000000000000000000000000   000000000000000000000005002        170192957705     
0010001300200U 280000000000000000000000000000000000000000000000000000000000000000000000000000000000000000000000000000000000000000000000000202201700000000            000000000000000                              000                           
0010001300201T 280180230000001544772 29577050120642460   788888888888889903012017000000000007500001000000888888888888899          0900000000000000000000000000000000000000000000000000000   000000000000000000000005002        170192957705     
0010001300202U 280000000000000000000000000000000000000000000000000000000000000000000000000000000000000000000000000000000000000000000000000202201700000000            000000000000000                              000                           
0010001300203T 280180230000001544772 29577050120725331   788888888888889903012017000000000007500001000000888888888888899          0900000000000000000000000000000000000000000000000000000   000000000000000000000005002        170192957705     
0010001300204U 280000000000000000000000000000000000000000000000000000000000000000000000000000000000000000000000000000000000000000000000000202201700000000            000000000000000                              000                           
0010001300205T 280180230000001544772 29577050120744944   788888888888889903012017000000000007500001000000888888888888899          0900000000000000000000000000000000000000000000000000000   000000000000000000000005002        170192957705     
0010001300206U 280000000000000000000000000000000000000000000000000000000000000000000000000000000000000000000000000000000000000000000000000202201700000000            000000000000000                              000                           
0010001300207T 280180230000001544772 29577050120839087   788888888888889903012017000000000007500001000000888888888888899          0900000000000000000000000000000000000000000000000000000   000000000000000000000005002        170192957705     
0010001300208U 280000000000000000000000000000000000000000000000000000000000000000000000000000000000000000000000000000000000000000000000000202201700000000            000000000000000                              000                           
0010001300209T 280180230000001544772 29577050120948803   788888888888889903012017000000000007500001000000888888888888899          0900000000000000000000000000000000000000000000000000000   000000000000000000000005002        170192957705     
0010001300210U 280000000000000000000000000000000000000000000000000000000000000000000000000000000000000000000000000000000000000000000000000202201700000000            000000000000000                              000                           
0010001300211T 280180230000001544772 29577050121033916   788888888888889903012017000000000007500001000000888888888888899          0900000000000000000000000000000000000000000000000000000   000000000000000000000005002        170192957705     
0010001300212U 280000000000000000000000000000000000000000000000000000000000000000000000000000000000000000000000000000000000000000000000000202201700000000            000000000000000                              000                           
00100015         000214002119000000000162090000000000000000000000000000000000000000000000000000000000000000000000000000000000000000000000000000000                                                                                              
00199999         000001000216000000                                                                                                                                                            00000000000000000000000000000                    
