00100000         2247745860001000029577050014       0180230000001544772 INSTITUTO DE SELECAO E TECNOLOBANCO DO BRASIL                         20702201702155300008403000000515122941PROCESSAMEN                                                 
00100011T0100020 20247745860001000029577050014       0180230000001544772 INSTITUTO DE SELECAO E TECNOLO                                                                                000000000702201700000000  000000000                      
0010001300001T 020180230000001544772 29577050027102859   788888888888889909022017000000000010000001012408888888888888899          0900000000000010000000000000000000000000000000000000000   0000000000000000000000000A9        170192957705     
0010001300002U 020000000000000000000000000000000000000000000000000000000000000000000000000000000000000000000000000000000000000000000000000702201700000000            000000000000000                              000                           
0010001300003T 020180230000001544772 29577050048505297   788888888888889909022017000000000010000001012408888888888888899          0900000000000010000000000000000000000000000000000000000   0000000000000000000000000A9        170192957705     
0010001300004U 020000000000000000000000000000000000000000000000000000000000000000000000000000000000000000000000000000000000000000000000000702201700000000            000000000000000                              000                           
0010001300005T 020180230000001544772 29577050058410213   788888888888889909022017000000000007500001001120888888888888899          0900000000000010000000000000000000000000000000000000000   0000000000000000000000000A9        170192957705     
0010001300006U 020000000000000000000000000000000000000000000000000000000000000000000000000000000000000000000000000000000000000000000000000702201700000000            000000000000000                              000                           
0010001300007T 020180230000001544772 29577050093640193   788888888888889909022017000000000007500001000213888888888888899          0900000000000010000000000000000000000000000000000000000   0000000000000000000000000A9        170192957705     
0010001300008U 020000000000000000000000000000000000000000000000000000000000000000000000000000000000000000000000000000000000000000000000000702201700000000            000000000000000                              000                           
0010001300009T 020180230000001544772 29577050097654012   788888888888889909022017000000000007500001000833888888888888899          0900000000000010000000000000000000000000000000000000000   0000000000000000000000000A9        170192957705     
0010001300010U 020000000000000000000000000000000000000000000000000000000000000000000000000000000000000000000000000000000000000000000000000702201700000000            000000000000000                              000                           
0010001300011T 020180230000001544772 29577050098602853   788888888888889909022017000000000007500001004782888888888888899          0900000000000010000000000000000000000000000000000000000   0000000000000000000000000A9        170192957705     
0010001300012U 020000000000000000000000000000000000000000000000000000000000000000000000000000000000000000000000000000000000000000000000000702201700000000            000000000000000                              000                           
0010001300013T 020180230000001544772 29577050111228628   788888888888889909022017000000000007500001012408888888888888899          0900000000000010000000000000000000000000000000000000000   0000000000000000000000000A9        170192957705     
0010001300014U 020000000000000000000000000000000000000000000000000000000000000000000000000000000000000000000000000000000000000000000000000702201700000000            000000000000000                              000                           
0010001300015T 020180230000001544772 29577050115912099   788888888888889909022017000000000007500001000213888888888888899          0900000000000010000000000000000000000000000000000000000   0000000000000000000000000A9        170192957705     
0010001300016U 020000000000000000000000000000000000000000000000000000000000000000000000000000000000000000000000000000000000000000000000000702201700000000            000000000000000                              000                           
0010001300017T 020180230000001544772 29577050155819774   788888888888889909022017000000000007500001001120888888888888899          0900000000000010000000000000000000000000000000000000000   0000000000000000000000000A9        170192957705     
0010001300018U 020000000000000000000000000000000000000000000000000000000000000000000000000000000000000000000000000000000000000000000000000702201700000000            000000000000000                              000                           
0010001300019T 020180230000001544772 29577050168053851   788888888888889909022017000000000007500001000213888888888888899          0900000000000010000000000000000000000000000000000000000   0000000000000000000000000A9        170192957705     
0010001300020U 020000000000000000000000000000000000000000000000000000000000000000000000000000000000000000000000000000000000000000000000000702201700000000            000000000000000                              000                           
0010001300021T 020180230000001544772 29577050175244808   788888888888889909022017000000000007500001000213888888888888899          0900000000000010000000000000000000000000000000000000000   0000000000000000000000000A9        170192957705     
0010001300022U 020000000000000000000000000000000000000000000000000000000000000000000000000000000000000000000000000000000000000000000000000702201700000000            000000000000000                              000                           
0010001300023T 020180230000001544772 29577050188929329   788888888888889909022017000000000007500001000213888888888888899          0900000000000010500000000000000000000000000000000000000   0000000000000000000000000A9A4      170192957705     
0010001300024U 020000000000000000000000000000000000000000000000000000000000000000000000000000000000000000000000000000000000000000000000000702201700000000            000000000000000                              000                           
0010001300025T 020180230000001544772 29577050208304563   788888888888889909022017000000000007500001000213888888888888899          0900000000000010000000000000000000000000000000000000000   0000000000000000000000000A9        170192957705     
0010001300026U 020000000000000000000000000000000000000000000000000000000000000000000000000000000000000000000000000000000000000000000000000702201700000000            000000000000000                              000                           
0010001300027T 020180230000001544772 29577050224455760   78888888888888990902201700000000000750000103049X888888888888899          0900000000000010000000000000000000000000000000000000000   0000000000000000000000000A9        170192957705     
0010001300028U 020000000000000000000000000000000000000000000000000000000000000000000000000000000000000000000000000000000000000000000000000702201700000000            000000000000000                              000                           
0010001300029T 020180230000001544772 29577050274647130   788888888888889909022017000000000007500001021121888888888888899          0900000000000010000000000000000000000000000000000000000   0000000000000000000000000A9        170192957705     
0010001300030U 020000000000000000000000000000000000000000000000000000000000000000000000000000000000000000000000000000000000000000000000000702201700000000            000000000000000                              000                           
0010001300031T 020180230000001544772 29577050277410085   788888888888889909022017000000000010000001000213888888888888899          0900000000000010000000000000000000000000000000000000000   0000000000000000000000000A9        170192957705     
0010001300032U 020000000000000000000000000000000000000000000000000000000000000000000000000000000000000000000000000000000000000000000000000702201700000000            000000000000000                              000                           
0010001300033T 020180230000001544772 29577050277459883   788888888888889909022017000000000010000001000213888888888888899          0900000000000010000000000000000000000000000000000000000   0000000000000000000000000A9        170192957705     
0010001300034U 020000000000000000000000000000000000000000000000000000000000000000000000000000000000000000000000000000000000000000000000000702201700000000            000000000000000                              000                           
0010001300035T 020180230000001544772 29577050278328682   788888888888889909022017000000000007500001012408888888888888899          0900000000000010000000000000000000000000000000000000000   0000000000000000000000000A9        170192957705     
0010001300036U 020000000000000000000000000000000000000000000000000000000000000000000000000000000000000000000000000000000000000000000000000702201700000000            000000000000000                              000                           
0010001300037T 020180230000001544772 29577050282145210   788888888888889909022017000000000007500001012408888888888888899          0900000000000010000000000000000000000000000000000000000   0000000000000000000000000A9        170192957705     
0010001300038U 020000000000000000000000000000000000000000000000000000000000000000000000000000000000000000000000000000000000000000000000000702201700000000            000000000000000                              000                           
0010001300039T 020180230000001544772 29577050289321880   788888888888889909022017000000000007500001014389888888888888899          0900000000000010000000000000000000000000000000000000000   0000000000000000000000000A9        170192957705     
0010001300040U 020000000000000000000000000000000000000000000000000000000000000000000000000000000000000000000000000000000000000000000000000702201700000000            000000000000000                              000                           
0010001300041T 020180230000001544772 29577050290348773   788888888888889909022017000000000007500001012408888888888888899          0900000000000010000000000000000000000000000000000000000   0000000000000000000000000A9        170192957705     
0010001300042U 020000000000000000000000000000000000000000000000000000000000000000000000000000000000000000000000000000000000000000000000000702201700000000            000000000000000                              000                           
0010001300043T 020180230000001544772 29577050303815067   78888888888888990902201700000000000750000103049X888888888888899          0900000000000010000000000000000000000000000000000000000   0000000000000000000000000A9        170192957705     
0010001300044U 020000000000000000000000000000000000000000000000000000000000000000000000000000000000000000000000000000000000000000000000000702201700000000            000000000000000                              000                           
0010001300045T 020180230000001544772 29577050332614103   788888888888889909022017000000000007500001000213888888888888899          0900000000000010000000000000000000000000000000000000000   0000000000000000000000000A9        170192957705     
0010001300046U 020000000000000000000000000000000000000000000000000000000000000000000000000000000000000000000000000000000000000000000000000702201700000000            000000000000000                              000                           
0010001300047T 020180230000001544772 29577050334941649   788888888888889909022017000000000007500001012408888888888888899          0900000000000010000000000000000000000000000000000000000   0000000000000000000000000A9        170192957705     
0010001300048U 020000000000000000000000000000000000000000000000000000000000000000000000000000000000000000000000000000000000000000000000000702201700000000            000000000000000                              000                           
0010001300049T 020180230000001544772 29577050364252476   788888888888889909022017000000000010000001003654888888888888899          0900000000000010000000000000000000000000000000000000000   0000000000000000000000000A9        170192957705     
0010001300050U 020000000000000000000000000000000000000000000000000000000000000000000000000000000000000000000000000000000000000000000000000702201700000000            000000000000000                              000                           
0010001300051T 020180230000001544772 29577050376654500   78888888888888990902201700000000000750000103049X888888888888899          0900000000000010000000000000000000000000000000000000000   0000000000000000000000000A9        170192957705     
0010001300052U 020000000000000000000000000000000000000000000000000000000000000000000000000000000000000000000000000000000000000000000000000702201700000000            000000000000000                              000                           
0010001300053T 020180230000001544772 29577050389645485   788888888888889909022017000000000007500001000213888888888888899          0900000000000010000000000000000000000000000000000000000   0000000000000000000000000A9        170192957705     
0010001300054U 020000000000000000000000000000000000000000000000000000000000000000000000000000000000000000000000000000000000000000000000000702201700000000            000000000000000                              000                           
0010001300055T 020180230000001544772 29577050405424616   788888888888889909022017000000000007500001012408888888888888899          0900000000000010000000000000000000000000000000000000000   0000000000000000000000000A9        170192957705     
0010001300056U 020000000000000000000000000000000000000000000000000000000000000000000000000000000000000000000000000000000000000000000000000702201700000000            000000000000000                              000                           
0010001300057T 020180230000001544772 29577050409126288   78888888888888990902201700000000000750000103049X888888888888899          0900000000000010000000000000000000000000000000000000000   0000000000000000000000000A9        170192957705     
0010001300058U 020000000000000000000000000000000000000000000000000000000000000000000000000000000000000000000000000000000000000000000000000702201700000000            000000000000000                              000                           
0010001300059T 020180230000001544772 29577050414050574   788888888888889909022017000000000007500001012408888888888888899          0900000000000010000000000000000000000000000000000000000   0000000000000000000000000A9        170192957705     
0010001300060U 020000000000000000000000000000000000000000000000000000000000000000000000000000000000000000000000000000000000000000000000000702201700000000            000000000000000                              000                           
0010001300061T 020180230000001544772 29577050423548047   788888888888889909022017000000000007500001046280888888888888899          0900000000000010000000000000000000000000000000000000000   0000000000000000000000000A9        170192957705     
0010001300062U 020000000000000000000000000000000000000000000000000000000000000000000000000000000000000000000000000000000000000000000000000702201700000000            000000000000000                              000                           
0010001300063T 020180230000001544772 29577050423647103   788888888888889909022017000000000007500001046280888888888888899          0900000000000010000000000000000000000000000000000000000   0000000000000000000000000A9        170192957705     
0010001300064U 020000000000000000000000000000000000000000000000000000000000000000000000000000000000000000000000000000000000000000000000000702201700000000            000000000000000                              000                           
0010001300065T 020180230000001544772 29577050428552954   788888888888889909022017000000000007500001012408888888888888899          0900000000000010000000000000000000000000000000000000000   0000000000000000000000000A9        170192957705     
0010001300066U 020000000000000000000000000000000000000000000000000000000000000000000000000000000000000000000000000000000000000000000000000702201700000000            000000000000000                              000                           
0010001300067T 020180230000001544772 29577050430702523   788888888888889909022017000000000007500001012416888888888888899          0900000000000010500000000000000000000000000000000000000   0000000000000000000000000A9A4      170192957705     
0010001300068U 020000000000000000000000000000000000000000000000000000000000000000000000000000000000000000000000000000000000000000000000000702201700000000            000000000000000                              000                           
0010001300069T 020180230000001544772 29577050430723736   788888888888889909022017000000000007500001012416888888888888899          0900000000000010500000000000000000000000000000000000000   0000000000000000000000000A9A4      170192957705     
0010001300070U 020000000000000000000000000000000000000000000000000000000000000000000000000000000000000000000000000000000000000000000000000702201700000000            000000000000000                              000                           
0010001300071T 020180230000001544772 29577050439624186   788888888888889909022017000000000007500001000213888888888888899          0900000000000010500000000000000000000000000000000000000   0000000000000000000000000A9A4      170192957705     
0010001300072U 020000000000000000000000000000000000000000000000000000000000000000000000000000000000000000000000000000000000000000000000000702201700000000            000000000000000                              000                           
0010001300073T 020180230000001544772 29577050439748495   788888888888889909022017000000000007500001012416888888888888899          0900000000000010000000000000000000000000000000000000000   0000000000000000000000000A9        170192957705     
0010001300074U 020000000000000000000000000000000000000000000000000000000000000000000000000000000000000000000000000000000000000000000000000702201700000000            000000000000000                              000                           
0010001300075T 020180230000001544772 29577050439806257   788888888888889909022017000000000007500001003166888888888888899          0900000000000010000000000000000000000000000000000000000   0000000000000000000000000A9        170192957705     
0010001300076U 020000000000000000000000000000000000000000000000000000000000000000000000000000000000000000000000000000000000000000000000000702201700000000            000000000000000                              000                           
0010001300077T 020180230000001544772 29577050439915319   788888888888889909022017000000000007500001009245888888888888899          0900000000000010000000000000000000000000000000000000000   0000000000000000000000000A9        170192957705     
0010001300078U 020000000000000000000000000000000000000000000000000000000000000000000000000000000000000000000000000000000000000000000000000702201700000000            000000000000000                              000                           
0010001300079T 020180230000001544772 29577050439947805   788888888888889909022017000000000007500001009245888888888888899          0900000000000010000000000000000000000000000000000000000   0000000000000000000000000A9        170192957705     
0010001300080U 020000000000000000000000000000000000000000000000000000000000000000000000000000000000000000000000000000000000000000000000000702201700000000            000000000000000                              000                           
0010001300081T 020180230000001544772 29577050440116549   788888888888889909022017000000000007500001010561888888888888899          0900000000000010000000000000000000000000000000000000000   0000000000000000000000000A9        170192957705     
0010001300082U 020000000000000000000000000000000000000000000000000000000000000000000000000000000000000000000000000000000000000000000000000702201700000000            000000000000000                              000                           
0010001300083T 020180230000001544772 29577050440211735   788888888888889909022017000000000007500001021121888888888888899          0900000000000010000000000000000000000000000000000000000   0000000000000000000000000A9        170192957705     
0010001300084U 020000000000000000000000000000000000000000000000000000000000000000000000000000000000000000000000000000000000000000000000000702201700000000            000000000000000                              000                           
0010001300085T 020180230000001544772 29577050440306134   788888888888889909022017000000000007500001012416888888888888899          0900000000000010000000000000000000000000000000000000000   0000000000000000000000000A9        170192957705     
0010001300086U 020000000000000000000000000000000000000000000000000000000000000000000000000000000000000000000000000000000000000000000000000702201700000000            000000000000000                              000                           
0010001300087T 020180230000001544772 29577050440504794   788888888888889909022017000000000007500001009245888888888888899          0900000000000010000000000000000000000000000000000000000   0000000000000000000000000A9        170192957705     
0010001300088U 020000000000000000000000000000000000000000000000000000000000000000000000000000000000000000000000000000000000000000000000000702201700000000            000000000000000                              000                           
0010001300089T 020180230000001544772 29577050440534938   788888888888889909022017000000000007500001009245888888888888899          0900000000000010000000000000000000000000000000000000000   0000000000000000000000000A9        170192957705     
0010001300090U 020000000000000000000000000000000000000000000000000000000000000000000000000000000000000000000000000000000000000000000000000702201700000000            000000000000000                              000                           
0010001300091T 020180230000001544772 29577050440709788   788888888888889909022017000000000007500001012408888888888888899          0900000000000010000000000000000000000000000000000000000   0000000000000000000000000A9        170192957705     
0010001300092U 020000000000000000000000000000000000000000000000000000000000000000000000000000000000000000000000000000000000000000000000000702201700000000            000000000000000                              000                           
0010001300093T 020180230000001544772 29577050440842359   788888888888889909022017000000000007500001000833888888888888899          0900000000000010000000000000000000000000000000000000000   0000000000000000000000000A9        170192957705     
0010001300094U 020000000000000000000000000000000000000000000000000000000000000000000000000000000000000000000000000000000000000000000000000702201700000000            000000000000000                              000                           
0010001300095T 020180230000001544772 29577050440916170   788888888888889909022017000000000007500001012416888888888888899          0900000000000010000000000000000000000000000000000000000   0000000000000000000000000A9        170192957705     
0010001300096U 020000000000000000000000000000000000000000000000000000000000000000000000000000000000000000000000000000000000000000000000000702201700000000            000000000000000                              000                           
0010001300097T 020180230000001544772 29577050440934586   788888888888889909022017000000000007500001012416888888888888899          0900000000000010000000000000000000000000000000000000000   0000000000000000000000000A9        170192957705     
0010001300098U 020000000000000000000000000000000000000000000000000000000000000000000000000000000000000000000000000000000000000000000000000702201700000000            000000000000000                              000                           
0010001300099T 020180230000001544772 29577050440953967   788888888888889909022017000000000007500001012416888888888888899          0900000000000010000000000000000000000000000000000000000   0000000000000000000000000A9        170192957705     
0010001300100U 020000000000000000000000000000000000000000000000000000000000000000000000000000000000000000000000000000000000000000000000000702201700000000            000000000000000                              000                           
0010001300101T 020180230000001544772 29577050441059093   788888888888889909022017000000000007500001012416888888888888899          0900000000000010000000000000000000000000000000000000000   0000000000000000000000000A9        170192957705     
0010001300102U 020000000000000000000000000000000000000000000000000000000000000000000000000000000000000000000000000000000000000000000000000702201700000000            000000000000000                              000                           
0010001300103T 020180230000001544772 29577050441247423   78888888888888990902201700000000000750000103049X888888888888899          0900000000000010000000000000000000000000000000000000000   0000000000000000000000000A9        170192957705     
0010001300104U 020000000000000000000000000000000000000000000000000000000000000000000000000000000000000000000000000000000000000000000000000702201700000000            000000000000000                              000                           
0010001300105T 020180230000001544772 29577050441443877   788888888888889909022017000000000007500001009245888888888888899          0900000000000010000000000000000000000000000000000000000   0000000000000000000000000A9        170192957705     
0010001300106U 020000000000000000000000000000000000000000000000000000000000000000000000000000000000000000000000000000000000000000000000000702201700000000            000000000000000                              000                           
0010001300107T 020180230000001544772 29577050441501715   788888888888889909022017000000000007500001000213888888888888899          0900000000000010000000000000000000000000000000000000000   0000000000000000000000000A9        170192957705     
0010001300108U 020000000000000000000000000000000000000000000000000000000000000000000000000000000000000000000000000000000000000000000000000702201700000000            000000000000000                              000                           
0010001300109T 020180230000001544772 29577050441601177   788888888888889909022017000000000007500001004782888888888888899          0900000000000010000000000000000000000000000000000000000   0000000000000000000000000A9        170192957705     
0010001300110U 020000000000000000000000000000000000000000000000000000000000000000000000000000000000000000000000000000000000000000000000000702201700000000            000000000000000                              000                           
0010001300111T 020180230000001544772 29577050441734776   788888888888889909022017000000000007500001000051888888888888899          0900000000000010500000000000000000000000000000000000000   0000000000000000000000000A9A4      170192957705     
0010001300112U 020000000000000000000000000000000000000000000000000000000000000000000000000000000000000000000000000000000000000000000000000702201700000000            000000000000000                              000                           
0010001300113T 020180230000001544772 29577050441811355   788888888888889909022017000000000007500001012416888888888888899          0900000000000010500000000000000000000000000000000000000   0000000000000000000000000A9A4      170192957705     
0010001300114U 020000000000000000000000000000000000000000000000000000000000000000000000000000000000000000000000000000000000000000000000000702201700000000            000000000000000                              000                           
0010001300115T 020180230000001544772 29577050441912447   788888888888889909022017000000000007500001012416888888888888899          0900000000000010000000000000000000000000000000000000000   0000000000000000000000000A9        170192957705     
0010001300116U 020000000000000000000000000000000000000000000000000000000000000000000000000000000000000000000000000000000000000000000000000702201700000000            000000000000000                              000                           
0010001300117T 020180230000001544772 29577050442054397   788888888888889909022017000000000010000001009245888888888888899          0900000000000010000000000000000000000000000000000000000   0000000000000000000000000A9        170192957705     
0010001300118U 020000000000000000000000000000000000000000000000000000000000000000000000000000000000000000000000000000000000000000000000000702201700000000            000000000000000                              000                           
0010001300119T 020180230000001544772 29577050442228957   788888888888889909022017000000000007500001012408888888888888899          0900000000000010000000000000000000000000000000000000000   0000000000000000000000000A9        170192957705     
0010001300120U 020000000000000000000000000000000000000000000000000000000000000000000000000000000000000000000000000000000000000000000000000702201700000000            000000000000000                              000                           
0010001300121T 020180230000001544772 29577050442347202   788888888888889909022017000000000007500001036803888888888888899          0900000000000010000000000000000000000000000000000000000   0000000000000000000000000A9        170192957705     
0010001300122U 020000000000000000000000000000000000000000000000000000000000000000000000000000000000000000000000000000000000000000000000000702201700000000            000000000000000                              000                           
0010001300123T 020180230000001544772 29577050442533748   78888888888888990902201700000000000750000103049X888888888888899          0900000000000010000000000000000000000000000000000000000   0000000000000000000000000A9        170192957705     
0010001300124U 020000000000000000000000000000000000000000000000000000000000000000000000000000000000000000000000000000000000000000000000000702201700000000            000000000000000                              000                           
0010001300125T 020180230000001544772 29577050442642270   78888888888888990902201700000000000750000103049X888888888888899          0900000000000010000000000000000000000000000000000000000   0000000000000000000000000A9        170192957705     
0010001300126U 020000000000000000000000000000000000000000000000000000000000000000000000000000000000000000000000000000000000000000000000000702201700000000            000000000000000                              000                           
0010001300127T 020180230000001544772 29577050442739710   788888888888889909022017000000000007500001004782888888888888899          0900000000000010000000000000000000000000000000000000000   0000000000000000000000000A9        170192957705     
0010001300128U 020000000000000000000000000000000000000000000000000000000000000000000000000000000000000000000000000000000000000000000000000702201700000000            000000000000000                              000                           
0010001300129T 020180230000001544772 29577050442932223   788888888888889909022017000000000007500001012408888888888888899          0900000000000010000000000000000000000000000000000000000   0000000000000000000000000A9        170192957705     
0010001300130U 020000000000000000000000000000000000000000000000000000000000000000000000000000000000000000000000000000000000000000000000000702201700000000            000000000000000                              000                           
0010001300131T 020180230000001544772 29577050443008412   788888888888889909022017000000000007500001000213888888888888899          0900000000000010500000000000000000000000000000000000000   0000000000000000000000000A9A4      170192957705     
0010001300132U 020000000000000000000000000000000000000000000000000000000000000000000000000000000000000000000000000000000000000000000000000702201700000000            000000000000000                              000                           
0010001300133T 020180230000001544772 29577050443104289   788888888888889909022017000000000007500001012408888888888888899          0900000000000010000000000000000000000000000000000000000   0000000000000000000000000A9        170192957705     
0010001300134U 020000000000000000000000000000000000000000000000000000000000000000000000000000000000000000000000000000000000000000000000000702201700000000            000000000000000                              000                           
0010001300135T 020180230000001544772 29577050443224054   788888888888889909022017000000000007500001012408888888888888899          0900000000000010000000000000000000000000000000000000000   0000000000000000000000000A9        170192957705     
0010001300136U 020000000000000000000000000000000000000000000000000000000000000000000000000000000000000000000000000000000000000000000000000702201700000000            000000000000000                              000                           
0010001300137T 020180230000001544772 29577050443334030   788888888888889909022017000000000007500001000213888888888888899          0900000000000010000000000000000000000000000000000000000   0000000000000000000000000A9        170192957705     
0010001300138U 020000000000000000000000000000000000000000000000000000000000000000000000000000000000000000000000000000000000000000000000000702201700000000            000000000000000                              000                           
0010001300139T 020180230000001544772 29577050443721844   788888888888889909022017000000000007500001012408888888888888899          0900000000000010000000000000000000000000000000000000000   0000000000000000000000000A9        170192957705     
0010001300140U 020000000000000000000000000000000000000000000000000000000000000000000000000000000000000000000000000000000000000000000000000702201700000000            000000000000000                              000                           
0010001300141T 020180230000001544772 29577050443819689   788888888888889909022017000000000007500001012408888888888888899          0900000000000010000000000000000000000000000000000000000   0000000000000000000000000A9        170192957705     
0010001300142U 020000000000000000000000000000000000000000000000000000000000000000000000000000000000000000000000000000000000000000000000000702201700000000            000000000000000                              000                           
0010001300143T 020180230000001544772 29577050443941765   78888888888888990902201700000000000750000100829X888888888888899          0900000000000010000000000000000000000000000000000000000   0000000000000000000000000A9        170192957705     
0010001300144U 020000000000000000000000000000000000000000000000000000000000000000000000000000000000000000000000000000000000000000000000000702201700000000            000000000000000                              000                           
0010001300145T 020180230000001544772 29577050444040676   788888888888889909022017000000000010000001012408888888888888899          0900000000000010000000000000000000000000000000000000000   0000000000000000000000000A9        170192957705     
0010001300146U 020000000000000000000000000000000000000000000000000000000000000000000000000000000000000000000000000000000000000000000000000702201700000000            000000000000000                              000                           
0010001300147T 020180230000001544772 29577050444127511   788888888888889909022017000000000010000001012408888888888888899          0900000000000010000000000000000000000000000000000000000   0000000000000000000000000A9        170192957705     
0010001300148U 020000000000000000000000000000000000000000000000000000000000000000000000000000000000000000000000000000000000000000000000000702201700000000            000000000000000                              000                           
0010001300149T 020180230000001544772 29577050444225351   788888888888889909022017000000000007500001000833888888888888899          0900000000000010000000000000000000000000000000000000000   0000000000000000000000000A9        170192957705     
0010001300150U 020000000000000000000000000000000000000000000000000000000000000000000000000000000000000000000000000000000000000000000000000702201700000000            000000000000000                              000                           
0010001300151T 020180230000001544772 29577050444229254   788888888888889909022017000000000007500001000833888888888888899          0900000000000010000000000000000000000000000000000000000   0000000000000000000000000A9        170192957705     
0010001300152U 020000000000000000000000000000000000000000000000000000000000000000000000000000000000000000000000000000000000000000000000000702201700000000            000000000000000                              000                           
0010001300153T 020180230000001544772 29577050444313747   788888888888889909022017000000000007500001000213888888888888899          0900000000000010000000000000000000000000000000000000000   0000000000000000000000000A9        170192957705     
0010001300154U 020000000000000000000000000000000000000000000000000000000000000000000000000000000000000000000000000000000000000000000000000702201700000000            000000000000000                              000                           
0010001300155T 020180230000001544772 29577050444315940   788888888888889909022017000000000007500001000213888888888888899          0900000000000010000000000000000000000000000000000000000   0000000000000000000000000A9        170192957705     
0010001300156U 020000000000000000000000000000000000000000000000000000000000000000000000000000000000000000000000000000000000000000000000000702201700000000            000000000000000                              000                           
0010001300157T 020180230000001544772 29577050444450311   78888888888888990902201700000000000750000100281X888888888888899          0900000000000010000000000000000000000000000000000000000   0000000000000000000000000A9        170192957705     
0010001300158U 020000000000000000000000000000000000000000000000000000000000000000000000000000000000000000000000000000000000000000000000000702201700000000            000000000000000                              000                           
0010001300159T 020180230000001544772 29577050444515899   78888888888888990902201700000000000750000103049X888888888888899          0900000000000010000000000000000000000000000000000000000   0000000000000000000000000A9        170192957705     
0010001300160U 020000000000000000000000000000000000000000000000000000000000000000000000000000000000000000000000000000000000000000000000000702201700000000            000000000000000                              000                           
0010001300161T 020180230000001544772 29577050444602348   78888888888888990902201700000000000750000103049X888888888888899          0900000000000010000000000000000000000000000000000000000   0000000000000000000000000A9        170192957705     
0010001300162U 020000000000000000000000000000000000000000000000000000000000000000000000000000000000000000000000000000000000000000000000000702201700000000            000000000000000                              000                           
0010001300163T 020180230000001544772 29577050444723049   788888888888889909022017000000000007500001000213888888888888899          0900000000000010000000000000000000000000000000000000000   0000000000000000000000000A9        170192957705     
0010001300164U 020000000000000000000000000000000000000000000000000000000000000000000000000000000000000000000000000000000000000000000000000702201700000000            000000000000000                              000                           
0010001300165T 020180230000001544772 29577050444842560   788888888888889909022017000000000007500001008338888888888888899          0900000000000010000000000000000000000000000000000000000   0000000000000000000000000A9        170192957705     
0010001300166U 020000000000000000000000000000000000000000000000000000000000000000000000000000000000000000000000000000000000000000000000000702201700000000            000000000000000                              000                           
0010001300167T 020180230000001544772 29577050445040749   788888888888889909022017000000000007500001012408888888888888899          0900000000000010000000000000000000000000000000000000000   0000000000000000000000000A9        170192957705     
0010001300168U 020000000000000000000000000000000000000000000000000000000000000000000000000000000000000000000000000000000000000000000000000702201700000000            000000000000000                              000                           
0010001300169T 020180230000001544772 29577050445121023   78888888888888990902201700000000000750000103049X888888888888899          0900000000000010000000000000000000000000000000000000000   0000000000000000000000000A9        170192957705     
0010001300170U 020000000000000000000000000000000000000000000000000000000000000000000000000000000000000000000000000000000000000000000000000702201700000000            000000000000000                              000                           
0010001300171T 020180230000001544772 29577050445314544   788888888888889909022017000000000010000001007617888888888888899          0900000000000010000000000000000000000000000000000000000   0000000000000000000000000A9        170192957705     
0010001300172U 020000000000000000000000000000000000000000000000000000000000000000000000000000000000000000000000000000000000000000000000000702201700000000            000000000000000                              000                           
0010001300173T 020180230000001544772 29577050445403255   788888888888889909022017000000000010000001012408888888888888899          0900000000000010000000000000000000000000000000000000000   0000000000000000000000000A9        170192957705     
0010001300174U 020000000000000000000000000000000000000000000000000000000000000000000000000000000000000000000000000000000000000000000000000702201700000000            000000000000000                              000                           
0010001300175T 020180230000001544772 29577050445520453   788888888888889909022017000000000007500001012408888888888888899          0900000000000010000000000000000000000000000000000000000   0000000000000000000000000A9        170192957705     
0010001300176U 020000000000000000000000000000000000000000000000000000000000000000000000000000000000000000000000000000000000000000000000000702201700000000            000000000000000                              000                           
0010001300177T 020180230000001544772 29577050445649298   788888888888889909022017000000000007500001012408888888888888899          0900000000000010000000000000000000000000000000000000000   0000000000000000000000000A9        170192957705     
0010001300178U 020000000000000000000000000000000000000000000000000000000000000000000000000000000000000000000000000000000000000000000000000702201700000000            000000000000000                              000                           
0010001300179T 020180230000001544772 29577050445700878   788888888888889909022017000000000010000001012408888888888888899          0900000000000010000000000000000000000000000000000000000   0000000000000000000000000A9        170192957705     
0010001300180U 020000000000000000000000000000000000000000000000000000000000000000000000000000000000000000000000000000000000000000000000000702201700000000            000000000000000                              000                           
0010001300181T 020180230000001544772 29577050445958419   788888888888889909022017000000000007500001000213888888888888899          0900000000000010000000000000000000000000000000000000000   0000000000000000000000000A9        170192957705     
0010001300182U 020000000000000000000000000000000000000000000000000000000000000000000000000000000000000000000000000000000000000000000000000702201700000000            000000000000000                              000                           
0010001300183T 020180230000001544772 29577050446050717   788888888888889909022017000000000007500001012416888888888888899          0900000000000010000000000000000000000000000000000000000   0000000000000000000000000A9        170192957705     
0010001300184U 020000000000000000000000000000000000000000000000000000000000000000000000000000000000000000000000000000000000000000000000000702201700000000            000000000000000                              000                           
0010001300185T 020180230000001544772 29577050446119062   788888888888889909022017000000000007500001000213888888888888899          0900000000000010000000000000000000000000000000000000000   0000000000000000000000000A9        170192957705     
0010001300186U 020000000000000000000000000000000000000000000000000000000000000000000000000000000000000000000000000000000000000000000000000702201700000000            000000000000000                              000                           
0010001300187T 020180230000001544772 29577050446344700   788888888888889909022017000000000007500001012416888888888888899          0900000000000010000000000000000000000000000000000000000   0000000000000000000000000A9        170192957705     
0010001300188U 020000000000000000000000000000000000000000000000000000000000000000000000000000000000000000000000000000000000000000000000000702201700000000            000000000000000                              000                           
0010001300189T 060180230000001544772 29577050030434622   788888888888889908022017000000000007500104036190888888888888899          0900000000000010000000000000000000000000000000000000000   000000000000000000000029000        170192957705     
0010001300190U 060000000000000000000000000000000000000000000000000000000000000000000000075000000000000072100000000000000000000000000000000702201708022017            000000000000000                              000                           
0010001300191T 170180230000001544772 29577050050815122   7               00000000000000000007500033033460                         0900000000000010000000000000000000000000000000000000000   000000000000000000000070003        170192957705     
0010001300192U 170000000000000000000000000000000000000000000000000000000000000000000000075000000000000068000000000000000000000000000000000702201708022017            000000000000000                              000                           
0010001300193T 170180230000001544772 29577050099925620   7               00000000000000000007500104011130                         0900000000000010000000000000000000000000000000000000000   000000000000000000000070003        170192957705     
0010001300194U 170000000000000000000000000000000000000000000000000000000000000000000000075000000000000068000000000000000000000000000000000702201708022017            000000000000000                              000                           
0010001300195T 060180230000001544772 29577050175244808   788888888888889909022017000000000007500341088170888888888888899          0900000000000010000000000000000000000000000000000000000   000000000000000000000029000        170192957705     
0010001300196U 060000000000000000000000000000000000000000000000000000000000000000000000075000000000000072100000000000000000000000000000000702201708022017            000000000000000                              000                           
0010001300197T 060180230000001544772 29577050278328682   788888888888889909022017000000000007500001042323888888888888899          0900000000000010000000000000000000000000000000000000000   000000000000000000000029000        170192957705     
0010001300198U 060000000000000000000000000000000000000000000000000000000000000000000000075000000000000072100000000000000000000000000000000702201708022017            000000000000000                              000                           
0010001300199T 060180230000001544772 29577050282145210   788888888888889909022017000000000007500001026654888888888888899          0900000000000010000000000000000000000000000000000000000   000000000000000000000029000        170192957705     
0010001300200U 060000000000000000000000000000000000000000000000000000000000000000000000075000000000000072100000000000000000000000000000000702201708022017            000000000000000                              000                           
0010001300201T 060180230000001544772 29577050282652223   788888888888889908022017000000000007500104015390888888888888899          0900000000000010000000000000000000000000000000000000000   000000000000000000000029000        170192957705     
0010001300202U 060000000000000000000000000000000000000000000000000000000000000000000000075000000000000072100000000000000000000000000000000702201708022017            000000000000000                              000                           
0010001300203T 060180230000001544772 29577050336719675   788888888888889907022017000000000007500021001000888888888888899          0900000000000010000000000000000000000000000000000000000   000000000000000000000029000        170192957705     
0010001300204U 060000000000000000000000000000000000000000000000000000000000000000000000075000000000000072100000000000000000000000000000000702201708022017            000000000000000                              000                           
0010001300205T 060180230000001544772 29577050352405831   788888888888889907022017000000000007500341086660888888888888899          0900000000000010000000000000000000000000000000000000000   000000000000000000000029000        170192957705     
0010001300206U 060000000000000000000000000000000000000000000000000000000000000000000000075000000000000072100000000000000000000000000000000702201708022017            000000000000000                              000                           
0010001300207T 060180230000001544772 29577050376442153   788888888888889908022017000000000010000001001120888888888888899          0900000000000010000000000000000000000000000000000000000   000000000000000000000029000        170192957705     
0010001300208U 060000000000000000000000000000000000000000000000000000000000000000000000100000000000000097100000000000000000000000000000000702201708022017            000000000000000                              000                           
0010001300209T 060180230000001544772 29577050376504757   788888888888889908022017000000000007500001001120888888888888899          0900000000000010000000000000000000000000000000000000000   000000000000000000000029000        170192957705     
0010001300210U 060000000000000000000000000000000000000000000000000000000000000000000000075000000000000072100000000000000000000000000000000702201708022017            000000000000000                              000                           
0010001300211T 060180230000001544772 29577050411827872   788888888888889907022017000000000007500001012610888888888888899          0900000000000010000000000000000000000000000000000000000   000000000000000000000029000        170192957705     
0010001300212U 060000000000000000000000000000000000000000000000000000000000000000000000075000000000000072100000000000000000000000000000000702201708022017            000000000000000                              000                           
0010001300213T 060180230000001544772 29577050414050574   788888888888889909022017000000000007500001034800888888888888899          0900000000000010000000000000000000000000000000000000000   000000000000000000000029000        170192957705     
0010001300214U 060000000000000000000000000000000000000000000000000000000000000000000000075000000000000072100000000000000000000000000000000702201708022017            000000000000000                              000                           
0010001300215T 060180230000001544772 29577050424633898   788888888888889907022017000000000007500341064060888888888888899          0900000000000010000000000000000000000000000000000000000   000000000000000000000029000        170192957705     
0010001300216U 060000000000000000000000000000000000000000000000000000000000000000000000075000000000000072100000000000000000000000000000000702201708022017            000000000000000                              000                           
0010001300217T 060180230000001544772 29577050430248435   788888888888889907022017000000000007500021000660888888888888899          0900000000000010000000000000000000000000000000000000000   000000000000000000000029000        170192957705     
0010001300218U 060000000000000000000000000000000000000000000000000000000000000000000000075000000000000072100000000000000000000000000000000702201708022017            000000000000000                              000                           
0010001300219T 060180230000001544772 29577050430723736   788888888888889909022017000000000007500237031740888888888888899          0900000000000010000000000000000000000000000000000000000   000000000000000000000029000        170192957705     
0010001300220U 060000000000000000000000000000000000000000000000000000000000000000000000075000000000000072100000000000000000000000000000000702201708022017            000000000000000                              000                           
0010001300221T 060180230000001544772 29577050432927616   788888888888889908022017000000000007500104030250888888888888899          0900000000000010000000000000000000000000000000000000000   000000000000000000000029000        170192957705     
0010001300222U 060000000000000000000000000000000000000000000000000000000000000000000000075000000000000072100000000000000000000000000000000702201708022017            000000000000000                              000                           
0010001300223T 060180230000001544772 29577050434031061   788888888888889908022017000000000007500104046040888888888888899          0900000000000010000000000000000000000000000000000000000   000000000000000000000029000        170192957705     
0010001300224U 060000000000000000000000000000000000000000000000000000000000000000000000075000000000000072100000000000000000000000000000000702201708022017            000000000000000                              000                           
0010001300225T 060180230000001544772 29577050434336805   788888888888889908022017000000000007500001031933888888888888899          0900000000000010000000000000000000000000000000000000000   000000000000000000000029000        170192957705     
0010001300226U 060000000000000000000000000000000000000000000000000000000000000000000000075000000000000072100000000000000000000000000000000702201708022017            000000000000000                              000                           
0010001300227T 060180230000001544772 29577050445520453   788888888888889909022017000000000007500001026654888888888888899          0900000000000010000000000000000000000000000000000000000   000000000000000000000029000        170192957705     
0010001300228U 060000000000000000000000000000000000000000000000000000000000000000000000075000000000000072100000000000000000000000000000000702201708022017            000000000000000                              000                           
0010001300229T 060180230000001544772 29577050445649298   788888888888889909022017000000000007500001026654888888888888899          0900000000000010000000000000000000000000000000000000000   000000000000000000000029000        170192957705     
0010001300230U 060000000000000000000000000000000000000000000000000000000000000000000000075000000000000072100000000000000000000000000000000702201708022017            000000000000000                              000                           
0010001300231T 060180230000001544772 29577050445700878   788888888888889909022017000000000010000001026654888888888888899          0900000000000010000000000000000000000000000000000000000   000000000000000000000029000        170192957705     
0010001300232U 060000000000000000000000000000000000000000000000000000000000000000000000100000000000000097100000000000000000000000000000000702201708022017            000000000000000                              000                           
0010001300233T 170180230000001544772 29577050446408243   7               00000000000000000007500033021670                         0900000000000010000000000000000000000000000000000000000   000000000000000000000070003        170192957705     
0010001300234U 170000000000000000000000000000000000000000000000000000000000000000000000075000000000000068000000000000000000000000000000000702201708022017            000000000000000                              000                           
0010001300235T 280180230000001544772 29577058899889986   7               08012017000000000007500001000000                         0900000000000000000000000000000000000000000000000000000   000000000000000000000005002        170192957705     
0010001300236U 280000000000000000000000000000000000000000000000000000000000000000000000000000000000000000000000000000000000000000000000000702201700000000            000000000000000                              000                           
0010001300237T 280180230000001544772 29577058899889988   7               08012017000000000007500001000000                         0900000000000000000000000000000000000000000000000000000   000000000000000000000005002        170192957705     
0010001300238U 280000000000000000000000000000000000000000000000000000000000000000000000000000000000000000000000000000000000000000000000000702201700000000            000000000000000                              000                           
0010001300239T 030180230000001544772 29577050440019530   78888888888888990902201700000000001000000100000 888888888888899          0900000000000000000000000000000000000000000000000000000   000000000000000000000000046        170192957705     
0010001300240U 030000000000000000000000000000000000000000000000000000000000000000000000000000000000000000000000000000000000000000000000000702201700000000            000000000000000                              000                           
0010001300241T 030180230000001544772 29577050440601695   78888888888888990902201700000000000750000100000 888888888888899          0900000000000000000000000000000000000000000000000000000   000000000000000000000000046        170192957705     
0010001300242U 030000000000000000000000000000000000000000000000000000000000000000000000000000000000000000000000000000000000000000000000000702201700000000            000000000000000                              000                           
0010001300243T 030180230000001544772 29577050442847608   78888888888888990902201700000000000750000100000 888888888888899          0900000000000000000000000000000000000000000000000000000   000000000000000000000000046        170192957705     
0010001300244U 030000000000000000000000000000000000000000000000000000000000000000000000000000000000000000000000000000000000000000000000000702201700000000            000000000000000                              000                           
00100015         000246002667000000000204490000000000000000000000000000000000000000000000000000000000000000000000000000000000000000000000000000000                                                                                              
00199999         000001000248000000                                                                                                                                                            00000000000000000000000000000                    
