00100000         2247745860001000029577050014       0180230000001544772 INSTITUTO DE SELECAO E TECNOLOBANCO DO BRASIL                         20802201701175700008603000000515122941PROCESSAMEN                                                 
00100011T0100020 20247745860001000029577050014       0180230000001544772 INSTITUTO DE SELECAO E TECNOLO                                                                                000000000802201700000000  000000000                      
0010001300001T 020180230000001544772 29577050008904508   788888888888889910022017000000000007500001000213888888888888899          0900000000000010000000000000000000000000000000000000000   0000000000000000000000000A9        170192957705     
0010001300002U 020000000000000000000000000000000000000000000000000000000000000000000000000000000000000000000000000000000000000000000000000802201700000000            000000000000000                              000                           
0010001300003T 020180230000001544772 29577050011114293   788888888888889910022017000000000007500001012416888888888888899          0900000000000010000000000000000000000000000000000000000   0000000000000000000000000A9        170192957705     
0010001300004U 020000000000000000000000000000000000000000000000000000000000000000000000000000000000000000000000000000000000000000000000000802201700000000            000000000000000                              000                           
0010001300005T 020180230000001544772 29577050015247584   788888888888889910022017000000000007500001012408888888888888899          0900000000000010000000000000000000000000000000000000000   0000000000000000000000000A9        170192957705     
0010001300006U 020000000000000000000000000000000000000000000000000000000000000000000000000000000000000000000000000000000000000000000000000802201700000000            000000000000000                              000                           
0010001300007T 020180230000001544772 29577050019513467   788888888888889910022017000000000007500001012408888888888888899          0900000000000010000000000000000000000000000000000000000   0000000000000000000000000A9        170192957705     
0010001300008U 020000000000000000000000000000000000000000000000000000000000000000000000000000000000000000000000000000000000000000000000000802201700000000            000000000000000                              000                           
0010001300009T 020180230000001544772 29577050024430645   788888888888889910022017000000000007500001000213888888888888899          0900000000000010000000000000000000000000000000000000000   0000000000000000000000000A9        170192957705     
0010001300010U 020000000000000000000000000000000000000000000000000000000000000000000000000000000000000000000000000000000000000000000000000802201700000000            000000000000000                              000                           
0010001300011T 020180230000001544772 29577050026118733   788888888888889910022017000000000007500001012408888888888888899          0900000000000010000000000000000000000000000000000000000   0000000000000000000000000A9        170192957705     
0010001300012U 020000000000000000000000000000000000000000000000000000000000000000000000000000000000000000000000000000000000000000000000000802201700000000            000000000000000                              000                           
0010001300013T 020180230000001544772 29577050048535871   788888888888889910022017000000000010000001012408888888888888899          0900000000000010000000000000000000000000000000000000000   0000000000000000000000000A9        170192957705     
0010001300014U 020000000000000000000000000000000000000000000000000000000000000000000000000000000000000000000000000000000000000000000000000802201700000000            000000000000000                              000                           
0010001300015T 020180230000001544772 29577050050815122   788888888888889910022017000000000007500001012408888888888888899          0900000000000010000000000000000000000000000000000000000   0000000000000000000000000A9        170192957705     
0010001300016U 020000000000000000000000000000000000000000000000000000000000000000000000000000000000000000000000000000000000000000000000000802201700000000            000000000000000                              000                           
0010001300017T 020180230000001544772 29577050053749737   788888888888889910022017000000000007500001012416888888888888899          0900000000000010000000000000000000000000000000000000000   0000000000000000000000000A9        170192957705     
0010001300018U 020000000000000000000000000000000000000000000000000000000000000000000000000000000000000000000000000000000000000000000000000802201700000000            000000000000000                              000                           
0010001300019T 020180230000001544772 29577050083245513   78888888888888991002201700000000000750000103049X888888888888899          0900000000000010000000000000000000000000000000000000000   0000000000000000000000000A9        170192957705     
0010001300020U 020000000000000000000000000000000000000000000000000000000000000000000000000000000000000000000000000000000000000000000000000802201700000000            000000000000000                              000                           
0010001300021T 020180230000001544772 29577050090506445   788888888888889910022017000000000007500001000213888888888888899          0900000000000010000000000000000000000000000000000000000   0000000000000000000000000A9        170192957705     
0010001300022U 020000000000000000000000000000000000000000000000000000000000000000000000000000000000000000000000000000000000000000000000000802201700000000            000000000000000                              000                           
0010001300023T 020180230000001544772 29577050096808529   788888888888889910022017000000000007500001012408888888888888899          0900000000000010000000000000000000000000000000000000000   0000000000000000000000000A9        170192957705     
0010001300024U 020000000000000000000000000000000000000000000000000000000000000000000000000000000000000000000000000000000000000000000000000802201700000000            000000000000000                              000                           
0010001300025T 020180230000001544772 29577050099925620   788888888888889910022017000000000007500001045799888888888888899          0900000000000010500000000000000000000000000000000000000   0000000000000000000000000A9A4      170192957705     
0010001300026U 020000000000000000000000000000000000000000000000000000000000000000000000000000000000000000000000000000000000000000000000000802201700000000            000000000000000                              000                           
0010001300027T 020180230000001544772 29577050105919762   788888888888889910022017000000000007500001002224888888888888899          0900000000000010000000000000000000000000000000000000000   0000000000000000000000000A9        170192957705     
0010001300028U 020000000000000000000000000000000000000000000000000000000000000000000000000000000000000000000000000000000000000000000000000802201700000000            000000000000000                              000                           
0010001300029T 020180230000001544772 29577050111316408   78888888888888991002201700000000000750000103049X888888888888899          0900000000000010000000000000000000000000000000000000000   0000000000000000000000000A9        170192957705     
0010001300030U 020000000000000000000000000000000000000000000000000000000000000000000000000000000000000000000000000000000000000000000000000802201700000000            000000000000000                              000                           
0010001300031T 020180230000001544772 29577050112437182   78888888888888991002201700000000000750000103049X888888888888899          0900000000000010500000000000000000000000000000000000000   0000000000000000000000000A9A4      170192957705     
0010001300032U 020000000000000000000000000000000000000000000000000000000000000000000000000000000000000000000000000000000000000000000000000802201700000000            000000000000000                              000                           
0010001300033T 020180230000001544772 29577050112521525   78888888888888991002201700000000000750000103049X888888888888899          0900000000000010500000000000000000000000000000000000000   0000000000000000000000000A9A4      170192957705     
0010001300034U 020000000000000000000000000000000000000000000000000000000000000000000000000000000000000000000000000000000000000000000000000802201700000000            000000000000000                              000                           
0010001300035T 020180230000001544772 29577050112649126   78888888888888991002201700000000000750000103049X888888888888899          0900000000000010500000000000000000000000000000000000000   0000000000000000000000000A9A4      170192957705     
0010001300036U 020000000000000000000000000000000000000000000000000000000000000000000000000000000000000000000000000000000000000000000000000802201700000000            000000000000000                              000                           
0010001300037T 020180230000001544772 29577050114414277   788888888888889910022017000000000007500001012416888888888888899          0900000000000010000000000000000000000000000000000000000   0000000000000000000000000A9        170192957705     
0010001300038U 020000000000000000000000000000000000000000000000000000000000000000000000000000000000000000000000000000000000000000000000000802201700000000            000000000000000                              000                           
0010001300039T 020180230000001544772 29577050114722238   788888888888889910022017000000000007500001000213888888888888899          0900000000000010000000000000000000000000000000000000000   0000000000000000000000000A9        170192957705     
0010001300040U 020000000000000000000000000000000000000000000000000000000000000000000000000000000000000000000000000000000000000000000000000802201700000000            000000000000000                              000                           
0010001300041T 020180230000001544772 29577050114828563   788888888888889910022017000000000007500001000213888888888888899          0900000000000010000000000000000000000000000000000000000   0000000000000000000000000A9        170192957705     
0010001300042U 020000000000000000000000000000000000000000000000000000000000000000000000000000000000000000000000000000000000000000000000000802201700000000            000000000000000                              000                           
0010001300043T 020180230000001544772 29577050114934262   788888888888889910022017000000000007500001000213888888888888899          0900000000000010000000000000000000000000000000000000000   0000000000000000000000000A9        170192957705     
0010001300044U 020000000000000000000000000000000000000000000000000000000000000000000000000000000000000000000000000000000000000000000000000802201700000000            000000000000000                              000                           
0010001300045T 020180230000001544772 29577050125214489   78888888888888991002201700000000000750000103049X888888888888899          0900000000000010000000000000000000000000000000000000000   0000000000000000000000000A9        170192957705     
0010001300046U 020000000000000000000000000000000000000000000000000000000000000000000000000000000000000000000000000000000000000000000000000802201700000000            000000000000000                              000                           
0010001300047T 020180230000001544772 29577050167958138   788888888888889910022017000000000007500001012408888888888888899          0900000000000010000000000000000000000000000000000000000   0000000000000000000000000A9        170192957705     
0010001300048U 020000000000000000000000000000000000000000000000000000000000000000000000000000000000000000000000000000000000000000000000000802201700000000            000000000000000                              000                           
0010001300049T 020180230000001544772 29577050182308909   788888888888889910022017000000000007500001000213888888888888899          0900000000000010000000000000000000000000000000000000000   0000000000000000000000000A9        170192957705     
0010001300050U 020000000000000000000000000000000000000000000000000000000000000000000000000000000000000000000000000000000000000000000000000802201700000000            000000000000000                              000                           
0010001300051T 020180230000001544772 29577050183301814   788888888888889910022017000000000007500001012416888888888888899          0900000000000010000000000000000000000000000000000000000   0000000000000000000000000A9        170192957705     
0010001300052U 020000000000000000000000000000000000000000000000000000000000000000000000000000000000000000000000000000000000000000000000000802201700000000            000000000000000                              000                           
0010001300053T 020180230000001544772 29577050192005905   788888888888889910022017000000000007500001012416888888888888899          0900000000000010000000000000000000000000000000000000000   0000000000000000000000000A9        170192957705     
0010001300054U 020000000000000000000000000000000000000000000000000000000000000000000000000000000000000000000000000000000000000000000000000802201700000000            000000000000000                              000                           
0010001300055T 020180230000001544772 29577050193813511   788888888888889910022017000000000007500001003700888888888888899          0900000000000010000000000000000000000000000000000000000   0000000000000000000000000A9        170192957705     
0010001300056U 020000000000000000000000000000000000000000000000000000000000000000000000000000000000000000000000000000000000000000000000000802201700000000            000000000000000                              000                           
0010001300057T 020180230000001544772 29577050201053248   788888888888889910022017000000000007500001000213888888888888899          0900000000000010000000000000000000000000000000000000000   0000000000000000000000000A9        170192957705     
0010001300058U 020000000000000000000000000000000000000000000000000000000000000000000000000000000000000000000000000000000000000000000000000802201700000000            000000000000000                              000                           
0010001300059T 020180230000001544772 29577050204104191   78888888888888991002201700000000000750000103049X888888888888899          0900000000000010000000000000000000000000000000000000000   0000000000000000000000000A9        170192957705     
0010001300060U 020000000000000000000000000000000000000000000000000000000000000000000000000000000000000000000000000000000000000000000000000802201700000000            000000000000000                              000                           
0010001300061T 020180230000001544772 29577050207841885   78888888888888991002201700000000001000000103049X888888888888899          0900000000000010500000000000000000000000000000000000000   0000000000000000000000000A9A4      170192957705     
0010001300062U 020000000000000000000000000000000000000000000000000000000000000000000000000000000000000000000000000000000000000000000000000802201700000000            000000000000000                              000                           
0010001300063T 020180230000001544772 29577050212439134   788888888888889910022017000000000007500001000833888888888888899          0900000000000010000000000000000000000000000000000000000   0000000000000000000000000A9        170192957705     
0010001300064U 020000000000000000000000000000000000000000000000000000000000000000000000000000000000000000000000000000000000000000000000000802201700000000            000000000000000                              000                           
0010001300065T 020180230000001544772 29577050216455646   788888888888889910022017000000000007500001009245888888888888899          0900000000000010000000000000000000000000000000000000000   0000000000000000000000000A9        170192957705     
0010001300066U 020000000000000000000000000000000000000000000000000000000000000000000000000000000000000000000000000000000000000000000000000802201700000000            000000000000000                              000                           
0010001300067T 020180230000001544772 29577050219033850   78888888888888991002201700000000000750000103049X888888888888899          0900000000000010000000000000000000000000000000000000000   0000000000000000000000000A9        170192957705     
0010001300068U 020000000000000000000000000000000000000000000000000000000000000000000000000000000000000000000000000000000000000000000000000802201700000000            000000000000000                              000                           
0010001300069T 020180230000001544772 29577050224437446   78888888888888991002201700000000000750000103049X888888888888899          0900000000000010000000000000000000000000000000000000000   0000000000000000000000000A9        170192957705     
0010001300070U 020000000000000000000000000000000000000000000000000000000000000000000000000000000000000000000000000000000000000000000000000802201700000000            000000000000000                              000                           
0010001300071T 020180230000001544772 29577050225039113   78888888888888991002201700000000000750000101981X888888888888899          0900000000000010000000000000000000000000000000000000000   0000000000000000000000000A9        170192957705     
0010001300072U 020000000000000000000000000000000000000000000000000000000000000000000000000000000000000000000000000000000000000000000000000802201700000000            000000000000000                              000                           
0010001300073T 020180230000001544772 29577050231800378   788888888888889910022017000000000007500001000213888888888888899          0900000000000010000000000000000000000000000000000000000   0000000000000000000000000A9        170192957705     
0010001300074U 020000000000000000000000000000000000000000000000000000000000000000000000000000000000000000000000000000000000000000000000000802201700000000            000000000000000                              000                           
0010001300075T 020180230000001544772 29577050234535427   788888888888889910022017000000000007500001009245888888888888899          0900000000000010000000000000000000000000000000000000000   0000000000000000000000000A9        170192957705     
0010001300076U 020000000000000000000000000000000000000000000000000000000000000000000000000000000000000000000000000000000000000000000000000802201700000000            000000000000000                              000                           
0010001300077T 020180230000001544772 29577050246837154   788888888888889910022017000000000007500001004790888888888888899          0900000000000010000000000000000000000000000000000000000   0000000000000000000000000A9        170192957705     
0010001300078U 020000000000000000000000000000000000000000000000000000000000000000000000000000000000000000000000000000000000000000000000000802201700000000            000000000000000                              000                           
0010001300079T 020180230000001544772 29577050250427897   78888888888888991002201700000000000750000103049X888888888888899          0900000000000010000000000000000000000000000000000000000   0000000000000000000000000A9        170192957705     
0010001300080U 020000000000000000000000000000000000000000000000000000000000000000000000000000000000000000000000000000000000000000000000000802201700000000            000000000000000                              000                           
0010001300081T 020180230000001544772 29577050257249044   788888888888889910022017000000000007500001001120888888888888899          0900000000000010000000000000000000000000000000000000000   0000000000000000000000000A9        170192957705     
0010001300082U 020000000000000000000000000000000000000000000000000000000000000000000000000000000000000000000000000000000000000000000000000802201700000000            000000000000000                              000                           
0010001300083T 020180230000001544772 29577050257258392   788888888888889910022017000000000007500001001120888888888888899          0900000000000010000000000000000000000000000000000000000   0000000000000000000000000A9        170192957705     
0010001300084U 020000000000000000000000000000000000000000000000000000000000000000000000000000000000000000000000000000000000000000000000000802201700000000            000000000000000                              000                           
0010001300085T 020180230000001544772 29577050264958442   788888888888889910022017000000000007500001002224888888888888899          0900000000000010000000000000000000000000000000000000000   0000000000000000000000000A9        170192957705     
0010001300086U 020000000000000000000000000000000000000000000000000000000000000000000000000000000000000000000000000000000000000000000000000802201700000000            000000000000000                              000                           
0010001300087T 020180230000001544772 29577050264958809   788888888888889910022017000000000007500001002224888888888888899          0900000000000010000000000000000000000000000000000000000   0000000000000000000000000A9        170192957705     
0010001300088U 020000000000000000000000000000000000000000000000000000000000000000000000000000000000000000000000000000000000000000000000000802201700000000            000000000000000                              000                           
0010001300089T 020180230000001544772 29577050270001058   78888888888888991002201700000000000750000103049X888888888888899          0900000000000010000000000000000000000000000000000000000   0000000000000000000000000A9        170192957705     
0010001300090U 020000000000000000000000000000000000000000000000000000000000000000000000000000000000000000000000000000000000000000000000000802201700000000            000000000000000                              000                           
0010001300091T 020180230000001544772 29577050271105853   788888888888889910022017000000000007500001012408888888888888899          0900000000000010000000000000000000000000000000000000000   0000000000000000000000000A9        170192957705     
0010001300092U 020000000000000000000000000000000000000000000000000000000000000000000000000000000000000000000000000000000000000000000000000802201700000000            000000000000000                              000                           
0010001300093T 020180230000001544772 29577050284336488   788888888888889910022017000000000007500001012408888888888888899          0900000000000010000000000000000000000000000000000000000   0000000000000000000000000A9        170192957705     
0010001300094U 020000000000000000000000000000000000000000000000000000000000000000000000000000000000000000000000000000000000000000000000000802201700000000            000000000000000                              000                           
0010001300095T 020180230000001544772 29577050285945143   788888888888889910022017000000000007500001012416888888888888899          0900000000000010000000000000000000000000000000000000000   0000000000000000000000000A9        170192957705     
0010001300096U 020000000000000000000000000000000000000000000000000000000000000000000000000000000000000000000000000000000000000000000000000802201700000000            000000000000000                              000                           
0010001300097T 020180230000001544772 29577050294833061   788888888888889910022017000000000007500001002224888888888888899          0900000000000010500000000000000000000000000000000000000   0000000000000000000000000A9A4      170192957705     
0010001300098U 020000000000000000000000000000000000000000000000000000000000000000000000000000000000000000000000000000000000000000000000000802201700000000            000000000000000                              000                           
0010001300099T 020180230000001544772 29577050295141934   788888888888889910022017000000000007500001000213888888888888899          0900000000000010500000000000000000000000000000000000000   0000000000000000000000000A9A4      170192957705     
0010001300100U 020000000000000000000000000000000000000000000000000000000000000000000000000000000000000000000000000000000000000000000000000802201700000000            000000000000000                              000                           
0010001300101T 020180230000001544772 29577050295520569   788888888888889910022017000000000007500001003425888888888888899          0900000000000010000000000000000000000000000000000000000   0000000000000000000000000A9        170192957705     
0010001300102U 020000000000000000000000000000000000000000000000000000000000000000000000000000000000000000000000000000000000000000000000000802201700000000            000000000000000                              000                           
0010001300103T 020180230000001544772 29577050295545787   788888888888889910022017000000000007500001003425888888888888899          0900000000000010000000000000000000000000000000000000000   0000000000000000000000000A9        170192957705     
0010001300104U 020000000000000000000000000000000000000000000000000000000000000000000000000000000000000000000000000000000000000000000000000802201700000000            000000000000000                              000                           
0010001300105T 020180230000001544772 29577050308119158   788888888888889910022017000000000007500001012416888888888888899          0900000000000010000000000000000000000000000000000000000   0000000000000000000000000A9        170192957705     
0010001300106U 020000000000000000000000000000000000000000000000000000000000000000000000000000000000000000000000000000000000000000000000000802201700000000            000000000000000                              000                           
0010001300107T 020180230000001544772 29577050317120882   788888888888889910022017000000000007500001012408888888888888899          0900000000000010000000000000000000000000000000000000000   0000000000000000000000000A9        170192957705     
0010001300108U 020000000000000000000000000000000000000000000000000000000000000000000000000000000000000000000000000000000000000000000000000802201700000000            000000000000000                              000                           
0010001300109T 020180230000001544772 29577050336711855   788888888888889910022017000000000007500001012416888888888888899          0900000000000010000000000000000000000000000000000000000   0000000000000000000000000A9        170192957705     
0010001300110U 020000000000000000000000000000000000000000000000000000000000000000000000000000000000000000000000000000000000000000000000000802201700000000            000000000000000                              000                           
0010001300111T 020180230000001544772 29577050338728973   788888888888889910022017000000000007500001009245888888888888899          0900000000000010000000000000000000000000000000000000000   0000000000000000000000000A9        170192957705     
0010001300112U 020000000000000000000000000000000000000000000000000000000000000000000000000000000000000000000000000000000000000000000000000802201700000000            000000000000000                              000                           
0010001300113T 020180230000001544772 29577050368724484   788888888888889910022017000000000007500001012408888888888888899          0900000000000010000000000000000000000000000000000000000   0000000000000000000000000A9        170192957705     
0010001300114U 020000000000000000000000000000000000000000000000000000000000000000000000000000000000000000000000000000000000000000000000000802201700000000            000000000000000                              000                           
0010001300115T 020180230000001544772 29577050371113821   788888888888889910022017000000000007500001012408888888888888899          0900000000000010000000000000000000000000000000000000000   0000000000000000000000000A9        170192957705     
0010001300116U 020000000000000000000000000000000000000000000000000000000000000000000000000000000000000000000000000000000000000000000000000802201700000000            000000000000000                              000                           
0010001300117T 020180230000001544772 29577050371133550   788888888888889910022017000000000007500001012408888888888888899          0900000000000010000000000000000000000000000000000000000   0000000000000000000000000A9        170192957705     
0010001300118U 020000000000000000000000000000000000000000000000000000000000000000000000000000000000000000000000000000000000000000000000000802201700000000            000000000000000                              000                           
0010001300119T 020180230000001544772 29577050379414637   78888888888888991002201700000000000750000103049X888888888888899          0900000000000010000000000000000000000000000000000000000   0000000000000000000000000A9        170192957705     
0010001300120U 020000000000000000000000000000000000000000000000000000000000000000000000000000000000000000000000000000000000000000000000000802201700000000            000000000000000                              000                           
0010001300121T 020180230000001544772 29577050379659192   788888888888889910022017000000000007500001000213888888888888899          0900000000000010000000000000000000000000000000000000000   0000000000000000000000000A9        170192957705     
0010001300122U 020000000000000000000000000000000000000000000000000000000000000000000000000000000000000000000000000000000000000000000000000802201700000000            000000000000000                              000                           
0010001300123T 020180230000001544772 29577050391602478   788888888888889910022017000000000007500001012416888888888888899          0900000000000010000000000000000000000000000000000000000   0000000000000000000000000A9        170192957705     
0010001300124U 020000000000000000000000000000000000000000000000000000000000000000000000000000000000000000000000000000000000000000000000000802201700000000            000000000000000                              000                           
0010001300125T 020180230000001544772 29577050402152540   788888888888889910022017000000000007500001000213888888888888899          0900000000000010500000000000000000000000000000000000000   0000000000000000000000000A9A4      170192957705     
0010001300126U 020000000000000000000000000000000000000000000000000000000000000000000000000000000000000000000000000000000000000000000000000802201700000000            000000000000000                              000                           
0010001300127T 020180230000001544772 29577050406612543   788888888888889910022017000000000007500001012408888888888888899          0900000000000010000000000000000000000000000000000000000   0000000000000000000000000A9        170192957705     
0010001300128U 020000000000000000000000000000000000000000000000000000000000000000000000000000000000000000000000000000000000000000000000000802201700000000            000000000000000                              000                           
0010001300129T 020180230000001544772 29577050412437621   788888888888889910022017000000000007500001000213888888888888899          0900000000000010000000000000000000000000000000000000000   0000000000000000000000000A9        170192957705     
0010001300130U 020000000000000000000000000000000000000000000000000000000000000000000000000000000000000000000000000000000000000000000000000802201700000000            000000000000000                              000                           
0010001300131T 020180230000001544772 29577050429110179   788888888888889910022017000000000007500001000213888888888888899          0900000000000010000000000000000000000000000000000000000   0000000000000000000000000A9        170192957705     
0010001300132U 020000000000000000000000000000000000000000000000000000000000000000000000000000000000000000000000000000000000000000000000000802201700000000            000000000000000                              000                           
0010001300133T 020180230000001544772 29577050437554349   788888888888889910022017000000000007500001030864888888888888899          0900000000000010000000000000000000000000000000000000000   0000000000000000000000000A9        170192957705     
0010001300134U 020000000000000000000000000000000000000000000000000000000000000000000000000000000000000000000000000000000000000000000000000802201700000000            000000000000000                              000                           
0010001300135T 020180230000001544772 29577050441404723   788888888888889910022017000000000007500001009245888888888888899          0900000000000010000000000000000000000000000000000000000   0000000000000000000000000A9        170192957705     
0010001300136U 020000000000000000000000000000000000000000000000000000000000000000000000000000000000000000000000000000000000000000000000000802201700000000            000000000000000                              000                           
0010001300137T 020180230000001544772 29577050441410006   788888888888889910022017000000000007500001009245888888888888899          0900000000000010000000000000000000000000000000000000000   0000000000000000000000000A9        170192957705     
0010001300138U 020000000000000000000000000000000000000000000000000000000000000000000000000000000000000000000000000000000000000000000000000802201700000000            000000000000000                              000                           
0010001300139T 020180230000001544772 29577050445345746   788888888888889910022017000000000010000001007617888888888888899          0900000000000010000000000000000000000000000000000000000   0000000000000000000000000A9        170192957705     
0010001300140U 020000000000000000000000000000000000000000000000000000000000000000000000000000000000000000000000000000000000000000000000000802201700000000            000000000000000                              000                           
0010001300141T 020180230000001544772 29577050446408243   788888888888889910022017000000000007500001000213888888888888899          0900000000000010000000000000000000000000000000000000000   0000000000000000000000000A9        170192957705     
0010001300142U 020000000000000000000000000000000000000000000000000000000000000000000000000000000000000000000000000000000000000000000000000802201700000000            000000000000000                              000                           
0010001300143T 020180230000001544772 29577050446541932   788888888888889910022017000000000007500001000213888888888888899          0900000000000010000000000000000000000000000000000000000   0000000000000000000000000A9        170192957705     
0010001300144U 020000000000000000000000000000000000000000000000000000000000000000000000000000000000000000000000000000000000000000000000000802201700000000            000000000000000                              000                           
0010001300145T 020180230000001544772 29577050446716129   788888888888889910022017000000000007500001000213888888888888899          0900000000000010000000000000000000000000000000000000000   0000000000000000000000000A9        170192957705     
0010001300146U 020000000000000000000000000000000000000000000000000000000000000000000000000000000000000000000000000000000000000000000000000802201700000000            000000000000000                              000                           
0010001300147T 020180230000001544772 29577050446842261   788888888888889910022017000000000007500001000213888888888888899          0900000000000010000000000000000000000000000000000000000   0000000000000000000000000A9        170192957705     
0010001300148U 020000000000000000000000000000000000000000000000000000000000000000000000000000000000000000000000000000000000000000000000000802201700000000            000000000000000                              000                           
0010001300149T 020180230000001544772 29577050446853133   788888888888889910022017000000000007500001000213888888888888899          0900000000000010000000000000000000000000000000000000000   0000000000000000000000000A9        170192957705     
0010001300150U 020000000000000000000000000000000000000000000000000000000000000000000000000000000000000000000000000000000000000000000000000802201700000000            000000000000000                              000                           
0010001300151T 020180230000001544772 29577050446925629   788888888888889910022017000000000007500001000213888888888888899          0900000000000010000000000000000000000000000000000000000   0000000000000000000000000A9        170192957705     
0010001300152U 020000000000000000000000000000000000000000000000000000000000000000000000000000000000000000000000000000000000000000000000000802201700000000            000000000000000                              000                           
0010001300153T 020180230000001544772 29577050447057710   788888888888889910022017000000000007500001004782888888888888899          0900000000000010000000000000000000000000000000000000000   0000000000000000000000000A9        170192957705     
0010001300154U 020000000000000000000000000000000000000000000000000000000000000000000000000000000000000000000000000000000000000000000000000802201700000000            000000000000000                              000                           
0010001300155T 020180230000001544772 29577050447220590   78888888888888991002201700000000000750000103049X888888888888899          0900000000000010000000000000000000000000000000000000000   0000000000000000000000000A9        170192957705     
0010001300156U 020000000000000000000000000000000000000000000000000000000000000000000000000000000000000000000000000000000000000000000000000802201700000000            000000000000000                              000                           
0010001300157T 020180230000001544772 29577050447310100   788888888888889910022017000000000007500001000213888888888888899          0900000000000010000000000000000000000000000000000000000   0000000000000000000000000A9        170192957705     
0010001300158U 020000000000000000000000000000000000000000000000000000000000000000000000000000000000000000000000000000000000000000000000000802201700000000            000000000000000                              000                           
0010001300159T 020180230000001544772 29577050447426624   788888888888889910022017000000000007500001003018888888888888899          0900000000000010000000000000000000000000000000000000000   0000000000000000000000000A9        170192957705     
0010001300160U 020000000000000000000000000000000000000000000000000000000000000000000000000000000000000000000000000000000000000000000000000802201700000000            000000000000000                              000                           
0010001300161T 020180230000001544772 29577050447539187   788888888888889910022017000000000007500001012408888888888888899          0900000000000010000000000000000000000000000000000000000   0000000000000000000000000A9        170192957705     
0010001300162U 020000000000000000000000000000000000000000000000000000000000000000000000000000000000000000000000000000000000000000000000000802201700000000            000000000000000                              000                           
0010001300163T 020180230000001544772 29577050447745765   788888888888889910022017000000000007500001012408888888888888899          0900000000000010000000000000000000000000000000000000000   0000000000000000000000000A9        170192957705     
0010001300164U 020000000000000000000000000000000000000000000000000000000000000000000000000000000000000000000000000000000000000000000000000802201700000000            000000000000000                              000                           
0010001300165T 020180230000001544772 29577050447852520   78888888888888991002201700000000000750000103049X888888888888899          0900000000000010000000000000000000000000000000000000000   0000000000000000000000000A9        170192957705     
0010001300166U 020000000000000000000000000000000000000000000000000000000000000000000000000000000000000000000000000000000000000000000000000802201700000000            000000000000000                              000                           
0010001300167T 020180230000001544772 29577050447930609   788888888888889910022017000000000007500001000213888888888888899          0900000000000010000000000000000000000000000000000000000   0000000000000000000000000A9        170192957705     
0010001300168U 020000000000000000000000000000000000000000000000000000000000000000000000000000000000000000000000000000000000000000000000000802201700000000            000000000000000                              000                           
0010001300169T 020180230000001544772 29577050448028797   78888888888888991002201700000000000750000103049X888888888888899          0900000000000010000000000000000000000000000000000000000   0000000000000000000000000A9        170192957705     
0010001300170U 020000000000000000000000000000000000000000000000000000000000000000000000000000000000000000000000000000000000000000000000000802201700000000            000000000000000                              000                           
0010001300171T 020180230000001544772 29577050448116731   788888888888889910022017000000000007500001001120888888888888899          0900000000000010000000000000000000000000000000000000000   0000000000000000000000000A9        170192957705     
0010001300172U 020000000000000000000000000000000000000000000000000000000000000000000000000000000000000000000000000000000000000000000000000802201700000000            000000000000000                              000                           
0010001300173T 020180230000001544772 29577050448147134   788888888888889910022017000000000007500001001120888888888888899          0900000000000010000000000000000000000000000000000000000   0000000000000000000000000A9        170192957705     
0010001300174U 020000000000000000000000000000000000000000000000000000000000000000000000000000000000000000000000000000000000000000000000000802201700000000            000000000000000                              000                           
0010001300175T 020180230000001544772 29577050448329259   788888888888889910022017000000000007500001002224888888888888899          0900000000000010000000000000000000000000000000000000000   0000000000000000000000000A9        170192957705     
0010001300176U 020000000000000000000000000000000000000000000000000000000000000000000000000000000000000000000000000000000000000000000000000802201700000000            000000000000000                              000                           
0010001300177T 020180230000001544772 29577050448329711   788888888888889910022017000000000007500001002224888888888888899          0900000000000010000000000000000000000000000000000000000   0000000000000000000000000A9        170192957705     
0010001300178U 020000000000000000000000000000000000000000000000000000000000000000000000000000000000000000000000000000000000000000000000000802201700000000            000000000000000                              000                           
0010001300179T 020180230000001544772 29577050448329756   788888888888889910022017000000000007500001002224888888888888899          0900000000000010000000000000000000000000000000000000000   0000000000000000000000000A9        170192957705     
0010001300180U 020000000000000000000000000000000000000000000000000000000000000000000000000000000000000000000000000000000000000000000000000802201700000000            000000000000000                              000                           
0010001300181T 020180230000001544772 29577050448450335   78888888888888991002201700000000000750000103049X888888888888899          0900000000000010000000000000000000000000000000000000000   0000000000000000000000000A9        170192957705     
0010001300182U 020000000000000000000000000000000000000000000000000000000000000000000000000000000000000000000000000000000000000000000000000802201700000000            000000000000000                              000                           
0010001300183T 020180230000001544772 29577050448541177   788888888888889910022017000000000007500001046280888888888888899          0900000000000010000000000000000000000000000000000000000   0000000000000000000000000A9        170192957705     
0010001300184U 020000000000000000000000000000000000000000000000000000000000000000000000000000000000000000000000000000000000000000000000000802201700000000            000000000000000                              000                           
0010001300185T 020180230000001544772 29577050448633293   788888888888889910022017000000000007500001012408888888888888899          0900000000000010500000000000000000000000000000000000000   0000000000000000000000000A9A4      170192957705     
0010001300186U 020000000000000000000000000000000000000000000000000000000000000000000000000000000000000000000000000000000000000000000000000802201700000000            000000000000000                              000                           
0010001300187T 020180230000001544772 29577050448705122   788888888888889910022017000000000007500001012408888888888888899          0900000000000010000000000000000000000000000000000000000   0000000000000000000000000A9        170192957705     
0010001300188U 020000000000000000000000000000000000000000000000000000000000000000000000000000000000000000000000000000000000000000000000000802201700000000            000000000000000                              000                           
0010001300189T 020180230000001544772 29577050448813686   78888888888888991002201700000000000750000103049X888888888888899          0900000000000010000000000000000000000000000000000000000   0000000000000000000000000A9        170192957705     
0010001300190U 020000000000000000000000000000000000000000000000000000000000000000000000000000000000000000000000000000000000000000000000000802201700000000            000000000000000                              000                           
0010001300191T 020180230000001544772 29577050448935188   78888888888888991002201700000000000750000103049X888888888888899          0900000000000010000000000000000000000000000000000000000   0000000000000000000000000A9        170192957705     
0010001300192U 020000000000000000000000000000000000000000000000000000000000000000000000000000000000000000000000000000000000000000000000000802201700000000            000000000000000                              000                           
0010001300193T 020180230000001544772 29577050449020440   78888888888888991002201700000000000750000103049X888888888888899          0900000000000010000000000000000000000000000000000000000   0000000000000000000000000A9        170192957705     
0010001300194U 020000000000000000000000000000000000000000000000000000000000000000000000000000000000000000000000000000000000000000000000000802201700000000            000000000000000                              000                           
0010001300195T 020180230000001544772 29577050449158715   788888888888889910022017000000000007500001009245888888888888899          0900000000000010000000000000000000000000000000000000000   0000000000000000000000000A9        170192957705     
0010001300196U 020000000000000000000000000000000000000000000000000000000000000000000000000000000000000000000000000000000000000000000000000802201700000000            000000000000000                              000                           
0010001300197T 020180230000001544772 29577050449222620   788888888888889910022017000000000007500001000213888888888888899          0900000000000010000000000000000000000000000000000000000   0000000000000000000000000A9        170192957705     
0010001300198U 020000000000000000000000000000000000000000000000000000000000000000000000000000000000000000000000000000000000000000000000000802201700000000            000000000000000                              000                           
0010001300199T 020180230000001544772 29577050449303788   788888888888889910022017000000000007500001012408888888888888899          0900000000000010000000000000000000000000000000000000000   0000000000000000000000000A9        170192957705     
0010001300200U 020000000000000000000000000000000000000000000000000000000000000000000000000000000000000000000000000000000000000000000000000802201700000000            000000000000000                              000                           
0010001300201T 020180230000001544772 29577050449559174   788888888888889910022017000000000007500001000213888888888888899          0900000000000010000000000000000000000000000000000000000   0000000000000000000000000A9        170192957705     
0010001300202U 020000000000000000000000000000000000000000000000000000000000000000000000000000000000000000000000000000000000000000000000000802201700000000            000000000000000                              000                           
0010001300203T 020180230000001544772 29577050449752533   788888888888889910022017000000000007500001021539888888888888899          0900000000000010000000000000000000000000000000000000000   0000000000000000000000000A9        170192957705     
0010001300204U 020000000000000000000000000000000000000000000000000000000000000000000000000000000000000000000000000000000000000000000000000802201700000000            000000000000000                              000                           
0010001300205T 020180230000001544772 29577050449802443   788888888888889910022017000000000007500001005185888888888888899          0900000000000010000000000000000000000000000000000000000   0000000000000000000000000A9        170192957705     
0010001300206U 020000000000000000000000000000000000000000000000000000000000000000000000000000000000000000000000000000000000000000000000000802201700000000            000000000000000                              000                           
0010001300207T 020180230000001544772 29577050449943502   788888888888889910022017000000000007500001012416888888888888899          0900000000000010000000000000000000000000000000000000000   0000000000000000000000000A9        170192957705     
0010001300208U 020000000000000000000000000000000000000000000000000000000000000000000000000000000000000000000000000000000000000000000000000802201700000000            000000000000000                              000                           
0010001300209T 020180230000001544772 29577050450003235   788888888888889910022017000000000007500001004782888888888888899          0900000000000010000000000000000000000000000000000000000   0000000000000000000000000A9        170192957705     
0010001300210U 020000000000000000000000000000000000000000000000000000000000000000000000000000000000000000000000000000000000000000000000000802201700000000            000000000000000                              000                           
0010001300211T 020180230000001544772 29577050450017257   788888888888889910022017000000000007500001004782888888888888899          0900000000000010000000000000000000000000000000000000000   0000000000000000000000000A9        170192957705     
0010001300212U 020000000000000000000000000000000000000000000000000000000000000000000000000000000000000000000000000000000000000000000000000802201700000000            000000000000000                              000                           
0010001300213T 020180230000001544772 29577050450025829   788888888888889910022017000000000007500001004782888888888888899          0900000000000010000000000000000000000000000000000000000   0000000000000000000000000A9        170192957705     
0010001300214U 020000000000000000000000000000000000000000000000000000000000000000000000000000000000000000000000000000000000000000000000000802201700000000            000000000000000                              000                           
0010001300215T 020180230000001544772 29577050450029422   788888888888889910022017000000000007500001004782888888888888899          0900000000000010000000000000000000000000000000000000000   0000000000000000000000000A9        170192957705     
0010001300216U 020000000000000000000000000000000000000000000000000000000000000000000000000000000000000000000000000000000000000000000000000802201700000000            000000000000000                              000                           
0010001300217T 020180230000001544772 29577050450325957   788888888888889910022017000000000007500001000213888888888888899          0900000000000010000000000000000000000000000000000000000   0000000000000000000000000A9        170192957705     
0010001300218U 020000000000000000000000000000000000000000000000000000000000000000000000000000000000000000000000000000000000000000000000000802201700000000            000000000000000                              000                           
0010001300219T 020180230000001544772 29577050450408573   788888888888889910022017000000000007500001012416888888888888899          0900000000000010000000000000000000000000000000000000000   0000000000000000000000000A9        170192957705     
0010001300220U 020000000000000000000000000000000000000000000000000000000000000000000000000000000000000000000000000000000000000000000000000802201700000000            000000000000000                              000                           
0010001300221T 020180230000001544772 29577050450710396   788888888888889910022017000000000007500001004731888888888888899          0900000000000010000000000000000000000000000000000000000   0000000000000000000000000A9        170192957705     
0010001300222U 020000000000000000000000000000000000000000000000000000000000000000000000000000000000000000000000000000000000000000000000000802201700000000            000000000000000                              000                           
0010001300223T 020180230000001544772 29577050450800973   788888888888889910022017000000000007500001000833888888888888899          0900000000000010000000000000000000000000000000000000000   0000000000000000000000000A9        170192957705     
0010001300224U 020000000000000000000000000000000000000000000000000000000000000000000000000000000000000000000000000000000000000000000000000802201700000000            000000000000000                              000                           
0010001300225T 020180230000001544772 29577050450900430   788888888888889910022017000000000007500001021121888888888888899          0900000000000010500000000000000000000000000000000000000   0000000000000000000000000A9A4      170192957705     
0010001300226U 020000000000000000000000000000000000000000000000000000000000000000000000000000000000000000000000000000000000000000000000000802201700000000            000000000000000                              000                           
0010001300227T 020180230000001544772 29577050451046578   788888888888889910022017000000000007500001012408888888888888899          0900000000000010000000000000000000000000000000000000000   0000000000000000000000000A9        170192957705     
0010001300228U 020000000000000000000000000000000000000000000000000000000000000000000000000000000000000000000000000000000000000000000000000802201700000000            000000000000000                              000                           
0010001300229T 020180230000001544772 29577050451118285   78888888888888991002201700000000000750000103049X888888888888899          0900000000000010000000000000000000000000000000000000000   0000000000000000000000000A9        170192957705     
0010001300230U 020000000000000000000000000000000000000000000000000000000000000000000000000000000000000000000000000000000000000000000000000802201700000000            000000000000000                              000                           
0010001300231T 020180230000001544772 29577050451204951   788888888888889910022017000000000007500001012416888888888888899          0900000000000010000000000000000000000000000000000000000   0000000000000000000000000A9        170192957705     
0010001300232U 020000000000000000000000000000000000000000000000000000000000000000000000000000000000000000000000000000000000000000000000000802201700000000            000000000000000                              000                           
0010001300233T 020180230000001544772 29577050451532866   788888888888889910022017000000000007500001001120888888888888899          0900000000000010000000000000000000000000000000000000000   0000000000000000000000000A9        170192957705     
0010001300234U 020000000000000000000000000000000000000000000000000000000000000000000000000000000000000000000000000000000000000000000000000802201700000000            000000000000000                              000                           
0010001300235T 020180230000001544772 29577050451536225   788888888888889910022017000000000007500001001120888888888888899          0900000000000010000000000000000000000000000000000000000   0000000000000000000000000A9        170192957705     
0010001300236U 020000000000000000000000000000000000000000000000000000000000000000000000000000000000000000000000000000000000000000000000000802201700000000            000000000000000                              000                           
0010001300237T 020180230000001544772 29577050451641564   788888888888889910022017000000000007500001012408888888888888899          0900000000000010500000000000000000000000000000000000000   0000000000000000000000000A9A4      170192957705     
0010001300238U 020000000000000000000000000000000000000000000000000000000000000000000000000000000000000000000000000000000000000000000000000802201700000000            000000000000000                              000                           
0010001300239T 020180230000001544772 29577050451731152   788888888888889910022017000000000007500001012408888888888888899          0900000000000010500000000000000000000000000000000000000   0000000000000000000000000A9A4      170192957705     
0010001300240U 020000000000000000000000000000000000000000000000000000000000000000000000000000000000000000000000000000000000000000000000000802201700000000            000000000000000                              000                           
0010001300241T 020180230000001544772 29577050451938093   788888888888889910022017000000000007500001000833888888888888899          0900000000000010000000000000000000000000000000000000000   0000000000000000000000000A9        170192957705     
0010001300242U 020000000000000000000000000000000000000000000000000000000000000000000000000000000000000000000000000000000000000000000000000802201700000000            000000000000000                              000                           
0010001300243T 020180230000001544772 29577050452003642   788888888888889910022017000000000007500001012408888888888888899          0900000000000010000000000000000000000000000000000000000   0000000000000000000000000A9        170192957705     
0010001300244U 020000000000000000000000000000000000000000000000000000000000000000000000000000000000000000000000000000000000000000000000000802201700000000            000000000000000                              000                           
0010001300245T 020180230000001544772 29577050452118251   788888888888889910022017000000000007500001012416888888888888899          0900000000000010000000000000000000000000000000000000000   0000000000000000000000000A9        170192957705     
0010001300246U 020000000000000000000000000000000000000000000000000000000000000000000000000000000000000000000000000000000000000000000000000802201700000000            000000000000000                              000                           
0010001300247T 020180230000001544772 29577050452256756   78888888888888991002201700000000000750000103049X888888888888899          0900000000000010000000000000000000000000000000000000000   0000000000000000000000000A9        170192957705     
0010001300248U 020000000000000000000000000000000000000000000000000000000000000000000000000000000000000000000000000000000000000000000000000802201700000000            000000000000000                              000                           
0010001300249T 020180230000001544772 29577050452455672   788888888888889910022017000000000007500001007692888888888888899          0900000000000010000000000000000000000000000000000000000   0000000000000000000000000A9        170192957705     
0010001300250U 020000000000000000000000000000000000000000000000000000000000000000000000000000000000000000000000000000000000000000000000000802201700000000            000000000000000                              000                           
0010001300251T 020180230000001544772 29577050452654241   788888888888889910022017000000000007500001007617888888888888899          0900000000000010000000000000000000000000000000000000000   0000000000000000000000000A9        170192957705     
0010001300252U 020000000000000000000000000000000000000000000000000000000000000000000000000000000000000000000000000000000000000000000000000802201700000000            000000000000000                              000                           
0010001300253T 020180230000001544772 29577050452715230   78888888888888991002201700000000001000000103049X888888888888899          0900000000000010000000000000000000000000000000000000000   0000000000000000000000000A9        170192957705     
0010001300254U 020000000000000000000000000000000000000000000000000000000000000000000000000000000000000000000000000000000000000000000000000802201700000000            000000000000000                              000                           
0010001300255T 020180230000001544772 29577050452832768   78888888888888991002201700000000000750000103049X888888888888899          0900000000000010000000000000000000000000000000000000000   0000000000000000000000000A9        170192957705     
0010001300256U 020000000000000000000000000000000000000000000000000000000000000000000000000000000000000000000000000000000000000000000000000802201700000000            000000000000000                              000                           
0010001300257T 020180230000001544772 29577050452945436   788888888888889910022017000000000007500001012408888888888888899          0900000000000010000000000000000000000000000000000000000   0000000000000000000000000A9        170192957705     
0010001300258U 020000000000000000000000000000000000000000000000000000000000000000000000000000000000000000000000000000000000000000000000000802201700000000            000000000000000                              000                           
0010001300259T 020180230000001544772 29577050453008389   78888888888888991002201700000000000750000100829X888888888888899          0900000000000010000000000000000000000000000000000000000   0000000000000000000000000A9        170192957705     
0010001300260U 020000000000000000000000000000000000000000000000000000000000000000000000000000000000000000000000000000000000000000000000000802201700000000            000000000000000                              000                           
0010001300261T 020180230000001544772 29577050453057373   78888888888888991002201700000000000750000100829X888888888888899          0900000000000010000000000000000000000000000000000000000   0000000000000000000000000A9        170192957705     
0010001300262U 020000000000000000000000000000000000000000000000000000000000000000000000000000000000000000000000000000000000000000000000000802201700000000            000000000000000                              000                           
0010001300263T 020180230000001544772 29577050453347542   788888888888889910022017000000000010000001012408888888888888899          0900000000000010000000000000000000000000000000000000000   0000000000000000000000000A9        170192957705     
0010001300264U 020000000000000000000000000000000000000000000000000000000000000000000000000000000000000000000000000000000000000000000000000802201700000000            000000000000000                              000                           
0010001300265T 020180230000001544772 29577050453551511   788888888888889910022017000000000007500001012408888888888888899          0900000000000010000000000000000000000000000000000000000   0000000000000000000000000A9        170192957705     
0010001300266U 020000000000000000000000000000000000000000000000000000000000000000000000000000000000000000000000000000000000000000000000000802201700000000            000000000000000                              000                           
0010001300267T 020180230000001544772 29577050453713275   788888888888889910022017000000000007500001000213888888888888899          0900000000000010000000000000000000000000000000000000000   0000000000000000000000000A9        170192957705     
0010001300268U 020000000000000000000000000000000000000000000000000000000000000000000000000000000000000000000000000000000000000000000000000802201700000000            000000000000000                              000                           
0010001300269T 020180230000001544772 29577050453835804   788888888888889910022017000000000007500001000213888888888888899          0900000000000010000000000000000000000000000000000000000   0000000000000000000000000A9        170192957705     
0010001300270U 020000000000000000000000000000000000000000000000000000000000000000000000000000000000000000000000000000000000000000000000000802201700000000            000000000000000                              000                           
0010001300271T 020180230000001544772 29577050453907195   788888888888889910022017000000000007500001012408888888888888899          0900000000000010000000000000000000000000000000000000000   0000000000000000000000000A9        170192957705     
0010001300272U 020000000000000000000000000000000000000000000000000000000000000000000000000000000000000000000000000000000000000000000000000802201700000000            000000000000000                              000                           
0010001300273T 020180230000001544772 29577050454031280   788888888888889910022017000000000010000001000213888888888888899          0900000000000010500000000000000000000000000000000000000   0000000000000000000000000A9A4      170192957705     
0010001300274U 020000000000000000000000000000000000000000000000000000000000000000000000000000000000000000000000000000000000000000000000000802201700000000            000000000000000                              000                           
0010001300275T 020180230000001544772 29577050454127652   788888888888889910022017000000000007500001012408888888888888899          0900000000000010000000000000000000000000000000000000000   0000000000000000000000000A9        170192957705     
0010001300276U 020000000000000000000000000000000000000000000000000000000000000000000000000000000000000000000000000000000000000000000000000802201700000000            000000000000000                              000                           
0010001300277T 020180230000001544772 29577050454216225   788888888888889910022017000000000007500001012408888888888888899          0900000000000010000000000000000000000000000000000000000   0000000000000000000000000A9        170192957705     
0010001300278U 020000000000000000000000000000000000000000000000000000000000000000000000000000000000000000000000000000000000000000000000000802201700000000            000000000000000                              000                           
0010001300279T 020180230000001544772 29577050454551397   788888888888889910022017000000000007500001004782888888888888899          0900000000000010000000000000000000000000000000000000000   0000000000000000000000000A9        170192957705     
0010001300280U 020000000000000000000000000000000000000000000000000000000000000000000000000000000000000000000000000000000000000000000000000802201700000000            000000000000000                              000                           
0010001300281T 020180230000001544772 29577050454644464   78888888888888991002201700000000000750000103049X888888888888899          0900000000000010000000000000000000000000000000000000000   0000000000000000000000000A9        170192957705     
0010001300282U 020000000000000000000000000000000000000000000000000000000000000000000000000000000000000000000000000000000000000000000000000802201700000000            000000000000000                              000                           
0010001300283T 020180230000001544772 29577050454759338   78888888888888991002201700000000000750000103049X888888888888899          0900000000000010000000000000000000000000000000000000000   0000000000000000000000000A9        170192957705     
0010001300284U 020000000000000000000000000000000000000000000000000000000000000000000000000000000000000000000000000000000000000000000000000802201700000000            000000000000000                              000                           
0010001300285T 020180230000001544772 29577050454838692   788888888888889910022017000000000007500001023876888888888888899          0900000000000010000000000000000000000000000000000000000   0000000000000000000000000A9        170192957705     
0010001300286U 020000000000000000000000000000000000000000000000000000000000000000000000000000000000000000000000000000000000000000000000000802201700000000            000000000000000                              000                           
0010001300287T 020180230000001544772 29577050454954297   788888888888889910022017000000000007500001000051888888888888899          0900000000000010000000000000000000000000000000000000000   0000000000000000000000000A9        170192957705     
0010001300288U 020000000000000000000000000000000000000000000000000000000000000000000000000000000000000000000000000000000000000000000000000802201700000000            000000000000000                              000                           
0010001300289T 020180230000001544772 29577050455039511   788888888888889910022017000000000007500001012416888888888888899          0900000000000010000000000000000000000000000000000000000   0000000000000000000000000A9        170192957705     
0010001300290U 020000000000000000000000000000000000000000000000000000000000000000000000000000000000000000000000000000000000000000000000000802201700000000            000000000000000                              000                           
0010001300291T 020180230000001544772 29577050455114844   788888888888889910022017000000000007500001004782888888888888899          0900000000000010000000000000000000000000000000000000000   0000000000000000000000000A9        170192957705     
0010001300292U 020000000000000000000000000000000000000000000000000000000000000000000000000000000000000000000000000000000000000000000000000802201700000000            000000000000000                              000                           
0010001300293T 020180230000001544772 29577050455302791   78888888888888991002201700000000000750000103049X888888888888899          0900000000000010000000000000000000000000000000000000000   0000000000000000000000000A9        170192957705     
0010001300294U 020000000000000000000000000000000000000000000000000000000000000000000000000000000000000000000000000000000000000000000000000802201700000000            000000000000000                              000                           
0010001300295T 020180230000001544772 29577050455412073   788888888888889910022017000000000007500001012416888888888888899          0900000000000010000000000000000000000000000000000000000   0000000000000000000000000A9        170192957705     
0010001300296U 020000000000000000000000000000000000000000000000000000000000000000000000000000000000000000000000000000000000000000000000000802201700000000            000000000000000                              000                           
0010001300297T 020180230000001544772 29577050455538690   788888888888889910022017000000000007500001009245888888888888899          0900000000000010000000000000000000000000000000000000000   0000000000000000000000000A9        170192957705     
0010001300298U 020000000000000000000000000000000000000000000000000000000000000000000000000000000000000000000000000000000000000000000000000802201700000000            000000000000000                              000                           
0010001300299T 020180230000001544772 29577050455709536   788888888888889910022017000000000007500001012408888888888888899          0900000000000010000000000000000000000000000000000000000   0000000000000000000000000A9        170192957705     
0010001300300U 020000000000000000000000000000000000000000000000000000000000000000000000000000000000000000000000000000000000000000000000000802201700000000            000000000000000                              000                           
0010001300301T 170180230000001544772 29577050084903406   7               00000000000000000007500001031674                         0900000000000010000000000000000000000000000000000000000   000000000000000000000070003        170192957705     
0010001300302U 170000000000000000000000000000000000000000000000000000000000000000000000075000000000000068000000000000000000000000000000000802201709022017            000000000000000                              000                           
0010001300303T 060180230000001544772 29577050125214489   788888888888889910022017000000000007500033033910888888888888899          0900000000000010000000000000000000000000000000000000000   000000000000000000000029000        170192957705     
0010001300304U 060000000000000000000000000000000000000000000000000000000000000000000000075000000000000072100000000000000000000000000000000802201709022017            000000000000000                              000                           
0010001300305T 060180230000001544772 29577050291511572   788888888888889908022017000000000007500756012720888888888888899          0900000000000010000000000000000000000000000000000000000   000000000000000000000029000        170192957705     
0010001300306U 060000000000000000000000000000000000000000000000000000000000000000000000075000000000000072100000000000000000000000000000000802201709022017            000000000000000                              000                           
0010001300307T 060180230000001544772 29577050362609883   788888888888889908022017000000000007500021000760888888888888899          0900000000000010000000000000000000000000000000000000000   000000000000000000000029000        170192957705     
0010001300308U 060000000000000000000000000000000000000000000000000000000000000000000000075000000000000072100000000000000000000000000000000802201709022017            000000000000000                              000                           
0010001300309T 060180230000001544772 29577050367451368   788888888888889908022017000000000007500001034800888888888888899          0900000000000010000000000000000000000000000000000000000   000000000000000000000029000        170192957705     
0010001300310U 060000000000000000000000000000000000000000000000000000000000000000000000075000000000000072100000000000000000000000000000000802201709022017            000000000000000                              000                           
0010001300311T 170180230000001544772 29577050399008576   7               00000000000000000007500237002650                         0900000000000010000000000000000000000000000000000000000   000000000000000000000070003        170192957705     
0010001300312U 170000000000000000000000000000000000000000000000000000000000000000000000075000000000000068000000000000000000000000000000000802201709022017            000000000000000                              000                           
0010001300313T 170180230000001544772 29577050399700117   7               00000000000000000007500237005540                         0900000000000010000000000000000000000000000000000000000   000000000000000000000070003        170192957705     
0010001300314U 170000000000000000000000000000000000000000000000000000000000000000000000075000000000000068000000000000000000000000000000000802201709022017            000000000000000                              000                           
0010001300315T 170180230000001544772 29577050400914444   7               00000000000000000007500341092600                         0900000000000010000000000000000000000000000000000000000   000000000000000000000070003        170192957705     
0010001300316U 170000000000000000000000000000000000000000000000000000000000000000000000075000000000000068000000000000000000000000000000000802201709022017            000000000000000                              000                           
0010001300317T 060180230000001544772 29577050432547081   788888888888889908022017000000000007500756012720888888888888899          0900000000000010000000000000000000000000000000000000000   000000000000000000000029000        170192957705     
0010001300318U 060000000000000000000000000000000000000000000000000000000000000000000000075000000000000072100000000000000000000000000000000802201709022017            000000000000000                              000                           
0010001300319T 060180230000001544772 29577050434825750   788888888888889908022017000000000010000001014389888888888888899          0900000000000010000000000000000000000000000000000000000   000000000000000000000029000        170192957705     
0010001300320U 060000000000000000000000000000000000000000000000000000000000000000000000100000000000000097100000000000000000000000000000000802201709022017            000000000000000                              000                           
0010001300321T 060180230000001544772 29577050435005597   788888888888889908022017000000000010000001045292888888888888899          0900000000000010000000000000000000000000000000000000000   000000000000000000000029000        170192957705     
0010001300322U 060000000000000000000000000000000000000000000000000000000000000000000000100000000000000097100000000000000000000000000000000802201709022017            000000000000000                              000                           
0010001300323T 060180230000001544772 29577050436157624   788888888888889908022017000000000007500001031933888888888888899          0900000000000010000000000000000000000000000000000000000   000000000000000000000029000        170192957705     
0010001300324U 060000000000000000000000000000000000000000000000000000000000000000000000075000000000000072100000000000000000000000000000000802201709022017            000000000000000                              000                           
0010001300325T 060180230000001544772 29577050437554349   788888888888889910022017000000000007500104031110888888888888899          0900000000000010000000000000000000000000000000000000000   000000000000000000000029000        170192957705     
0010001300326U 060000000000000000000000000000000000000000000000000000000000000000000000075000000000000072100000000000000000000000000000000802201709022017            000000000000000                              000                           
0010001300327T 060180230000001544772 29577050438812320   788888888888889908022017000000000007500001059781888888888888899          0900000000000010000000000000000000000000000000000000000   000000000000000000000029000        170192957705     
0010001300328U 060000000000000000000000000000000000000000000000000000000000000000000000075000000000000072100000000000000000000000000000000802201709022017            000000000000000                              000                           
0010001300329T 060180230000001544772 29577050443721844   788888888888889909022017000000000007500001042323888888888888899          0900000000000010000000000000000000000000000000000000000   000000000000000000000029000        170192957705     
0010001300330U 060000000000000000000000000000000000000000000000000000000000000000000000075000000000000072100000000000000000000000000000000802201709022017            000000000000000                              000                           
0010001300331T 060180230000001544772 29577050443819689   788888888888889909022017000000000007500001030848888888888888899          0900000000000010000000000000000000000000000000000000000   000000000000000000000029000        170192957705     
0010001300332U 060000000000000000000000000000000000000000000000000000000000000000000000075000000000000072100000000000000000000000000000000802201709022017            000000000000000                              000                           
0010001300333T 060180230000001544772 29577050444040676   788888888888889909022017000000000010000033001020888888888888899          0900000000000010000000000000000000000000000000000000000   000000000000000000000029000        170192957705     
0010001300334U 060000000000000000000000000000000000000000000000000000000000000000000000100000000000000097100000000000000000000000000000000802201709022017            000000000000000                              000                           
0010001300335T 060180230000001544772 29577050447539187   788888888888889910022017000000000007500021000360888888888888899          0900000000000010000000000000000000000000000000000000000   000000000000000000000029000        170192957705     
0010001300336U 060000000000000000000000000000000000000000000000000000000000000000000000075000000000000072100000000000000000000000000000000802201709022017            000000000000000                              000                           
0010001300337T 170180230000001544772 29577050458230185   7               00000000000000000007500104020420                         0900000000000010000000000000000000000000000000000000000   000000000000000000000070003        170192957705     
0010001300338U 170000000000000000000000000000000000000000000000000000000000000000000000075000000000000068000000000000000000000000000000000802201709022017            000000000000000                              000                           
0010001300339T 280180230000001544772 29577050044355008   788888888888889909012017000000000007500001000000888888888888899          0900000000000000000000000000000000000000000000000000000   000000000000000000000005002        170192957705     
0010001300340U 280000000000000000000000000000000000000000000000000000000000000000000000000000000000000000000000000000000000000000000000000802201700000000            000000000000000                              000                           
0010001300341T 280180230000001544772 29577050047701671   788888888888889909012017000000000007500001000000888888888888899          0900000000000000000000000000000000000000000000000000000   000000000000000000000005002        170192957705     
0010001300342U 280000000000000000000000000000000000000000000000000000000000000000000000000000000000000000000000000000000000000000000000000802201700000000            000000000000000                              000                           
0010001300343T 280180230000001544772 29577050091730031   788888888888889909012017000000000007500001000000888888888888899          0900000000000000000000000000000000000000000000000000000   000000000000000000000005002        170192957705     
0010001300344U 280000000000000000000000000000000000000000000000000000000000000000000000000000000000000000000000000000000000000000000000000802201700000000            000000000000000                              000                           
0010001300345T 280180230000001544772 29577050101637913   788888888888889909012017000000000007500001000000888888888888899          0900000000000000000000000000000000000000000000000000000   000000000000000000000005002        170192957705     
0010001300346U 280000000000000000000000000000000000000000000000000000000000000000000000000000000000000000000000000000000000000000000000000802201700000000            000000000000000                              000                           
0010001300347T 280180230000001544772 29577050103906690   788888888888889909012017000000000007500001000000888888888888899          0900000000000000000000000000000000000000000000000000000   000000000000000000000005002        170192957705     
0010001300348U 280000000000000000000000000000000000000000000000000000000000000000000000000000000000000000000000000000000000000000000000000802201700000000            000000000000000                              000                           
0010001300349T 280180230000001544772 29577050129412376   788888888888889909012017000000000010000001000000888888888888899          0900000000000000000000000000000000000000000000000000000   000000000000000000000005002        170192957705     
0010001300350U 280000000000000000000000000000000000000000000000000000000000000000000000000000000000000000000000000000000000000000000000000802201700000000            000000000000000                              000                           
0010001300351T 280180230000001544772 29577050130550996   788888888888889909012017000000000007500001000000888888888888899          0900000000000000000000000000000000000000000000000000000   000000000000000000000005002        170192957705     
0010001300352U 280000000000000000000000000000000000000000000000000000000000000000000000000000000000000000000000000000000000000000000000000802201700000000            000000000000000                              000                           
0010001300353T 280180230000001544772 29577050156849887   788888888888889909012017000000000007500001000000888888888888899          0900000000000000000000000000000000000000000000000000000   000000000000000000000005002        170192957705     
0010001300354U 280000000000000000000000000000000000000000000000000000000000000000000000000000000000000000000000000000000000000000000000000802201700000000            000000000000000                              000                           
0010001300355T 280180230000001544772 29577050168912432   788888888888889909012017000000000007500001000000888888888888899          0900000000000000000000000000000000000000000000000000000   000000000000000000000005002        170192957705     
0010001300356U 280000000000000000000000000000000000000000000000000000000000000000000000000000000000000000000000000000000000000000000000000802201700000000            000000000000000                              000                           
0010001300357T 280180230000001544772 29577050169137789   788888888888889909012017000000000007500001000000888888888888899          0900000000000000000000000000000000000000000000000000000   000000000000000000000005002        170192957705     
0010001300358U 280000000000000000000000000000000000000000000000000000000000000000000000000000000000000000000000000000000000000000000000000802201700000000            000000000000000                              000                           
0010001300359T 280180230000001544772 29577050169219679   788888888888889909012017000000000007500001000000888888888888899          0900000000000000000000000000000000000000000000000000000   000000000000000000000005002        170192957705     
0010001300360U 280000000000000000000000000000000000000000000000000000000000000000000000000000000000000000000000000000000000000000000000000802201700000000            000000000000000                              000                           
0010001300361T 280180230000001544772 29577050169601000   788888888888889909012017000000000007500001000000888888888888899          0900000000000000000000000000000000000000000000000000000   000000000000000000000005002        170192957705     
0010001300362U 280000000000000000000000000000000000000000000000000000000000000000000000000000000000000000000000000000000000000000000000000802201700000000            000000000000000                              000                           
00100015         000364002803000000000214765000000000000000000000000000000000000000000000000000000000000000000000000000000000000000000000000000000                                                                                              
00199999         000001000366000000                                                                                                                                                            00000000000000000000000000000                    
