00100000         2247745860001000029577050014       0180230000001544772 INSTITUTO DE SELECAO E TECNOLOBANCO DO BRASIL                         20902201701330800008803000000515122941PROCESSAMEN                                                 
00100011T0100020 20247745860001000029577050014       0180230000001544772 INSTITUTO DE SELECAO E TECNOLO                                                                                000000000902201700000000  000000000                      
0010001300001T 020180230000001544772 29577050013407935   788888888888889911022017000000000007500001000213888888888888899          0900000000000010000000000000000000000000000000000000000   0000000000000000000000000A9        170192957705     
0010001300002U 020000000000000000000000000000000000000000000000000000000000000000000000000000000000000000000000000000000000000000000000000902201700000000            000000000000000                              000                           
0010001300003T 020180230000001544772 29577050015223633   788888888888889911022017000000000007500001012408888888888888899          0900000000000010000000000000000000000000000000000000000   0000000000000000000000000A9        170192957705     
0010001300004U 020000000000000000000000000000000000000000000000000000000000000000000000000000000000000000000000000000000000000000000000000902201700000000            000000000000000                              000                           
0010001300005T 020180230000001544772 29577050018157129   788888888888889911022017000000000007500001009245888888888888899          0900000000000010000000000000000000000000000000000000000   0000000000000000000000000A9        170192957705     
0010001300006U 020000000000000000000000000000000000000000000000000000000000000000000000000000000000000000000000000000000000000000000000000902201700000000            000000000000000                              000                           
0010001300007T 020180230000001544772 29577050042452638   78888888888888991102201700000000000750000103049X888888888888899          0900000000000010500000000000000000000000000000000000000   0000000000000000000000000A9A4      170192957705     
0010001300008U 020000000000000000000000000000000000000000000000000000000000000000000000000000000000000000000000000000000000000000000000000902201700000000            000000000000000                              000                           
0010001300009T 020180230000001544772 29577050086902167   788888888888889911022017000000000007500001000213888888888888899          0900000000000010000000000000000000000000000000000000000   0000000000000000000000000A9        170192957705     
0010001300010U 020000000000000000000000000000000000000000000000000000000000000000000000000000000000000000000000000000000000000000000000000902201700000000            000000000000000                              000                           
0010001300011T 020180230000001544772 29577050100245503   78888888888888991102201700000000000750000103049X888888888888899          0900000000000010000000000000000000000000000000000000000   0000000000000000000000000A9        170192957705     
0010001300012U 020000000000000000000000000000000000000000000000000000000000000000000000000000000000000000000000000000000000000000000000000902201700000000            000000000000000                              000                           
0010001300013T 020180230000001544772 29577050139636950   788888888888889911022017000000000010000001004782888888888888899          0900000000000010000000000000000000000000000000000000000   0000000000000000000000000A9        170192957705     
0010001300014U 020000000000000000000000000000000000000000000000000000000000000000000000000000000000000000000000000000000000000000000000000902201700000000            000000000000000                              000                           
0010001300015T 020180230000001544772 29577050167955947   788888888888889911022017000000000007500001012408888888888888899          0900000000000010000000000000000000000000000000000000000   0000000000000000000000000A9        170192957705     
0010001300016U 020000000000000000000000000000000000000000000000000000000000000000000000000000000000000000000000000000000000000000000000000902201700000000            000000000000000                              000                           
0010001300017T 020180230000001544772 29577050176407283   78888888888888991102201700000000000750000103049X888888888888899          0900000000000010000000000000000000000000000000000000000   0000000000000000000000000A9        170192957705     
0010001300018U 020000000000000000000000000000000000000000000000000000000000000000000000000000000000000000000000000000000000000000000000000902201700000000            000000000000000                              000                           
0010001300019T 020180230000001544772 29577050176444514   78888888888888991102201700000000000750000103049X888888888888899          0900000000000010000000000000000000000000000000000000000   0000000000000000000000000A9        170192957705     
0010001300020U 020000000000000000000000000000000000000000000000000000000000000000000000000000000000000000000000000000000000000000000000000902201700000000            000000000000000                              000                           
0010001300021T 020180230000001544772 29577050177728951   788888888888889911022017000000000007500001012408888888888888899          0900000000000010000000000000000000000000000000000000000   0000000000000000000000000A9        170192957705     
0010001300022U 020000000000000000000000000000000000000000000000000000000000000000000000000000000000000000000000000000000000000000000000000902201700000000            000000000000000                              000                           
0010001300023T 020180230000001544772 29577050208004305   78888888888888991102201700000000000750000103049X888888888888899          0900000000000010000000000000000000000000000000000000000   0000000000000000000000000A9        170192957705     
0010001300024U 020000000000000000000000000000000000000000000000000000000000000000000000000000000000000000000000000000000000000000000000000902201700000000            000000000000000                              000                           
0010001300025T 020180230000001544772 29577050223224707   78888888888888991102201700000000000750000103049X888888888888899          0900000000000010000000000000000000000000000000000000000   0000000000000000000000000A9        170192957705     
0010001300026U 020000000000000000000000000000000000000000000000000000000000000000000000000000000000000000000000000000000000000000000000000902201700000000            000000000000000                              000                           
0010001300027T 020180230000001544772 29577050237652507   788888888888889911022017000000000010000001000213888888888888899          0900000000000010000000000000000000000000000000000000000   0000000000000000000000000A9        170192957705     
0010001300028U 020000000000000000000000000000000000000000000000000000000000000000000000000000000000000000000000000000000000000000000000000902201700000000            000000000000000                              000                           
0010001300029T 020180230000001544772 29577050252859012   788888888888889911022017000000000007500001012408888888888888899          0900000000000010000000000000000000000000000000000000000   0000000000000000000000000A9        170192957705     
0010001300030U 020000000000000000000000000000000000000000000000000000000000000000000000000000000000000000000000000000000000000000000000000902201700000000            000000000000000                              000                           
0010001300031T 020180230000001544772 29577050287018805   788888888888889911022017000000000010000001012416888888888888899          0900000000000010000000000000000000000000000000000000000   0000000000000000000000000A9        170192957705     
0010001300032U 020000000000000000000000000000000000000000000000000000000000000000000000000000000000000000000000000000000000000000000000000902201700000000            000000000000000                              000                           
0010001300033T 020180230000001544772 29577050290314936   788888888888889911022017000000000007500001012408888888888888899          0900000000000010000000000000000000000000000000000000000   0000000000000000000000000A9        170192957705     
0010001300034U 020000000000000000000000000000000000000000000000000000000000000000000000000000000000000000000000000000000000000000000000000902201700000000            000000000000000                              000                           
0010001300035T 020180230000001544772 29577050290317270   788888888888889911022017000000000007500001012408888888888888899          0900000000000010000000000000000000000000000000000000000   0000000000000000000000000A9        170192957705     
0010001300036U 020000000000000000000000000000000000000000000000000000000000000000000000000000000000000000000000000000000000000000000000000902201700000000            000000000000000                              000                           
0010001300037T 020180230000001544772 29577050295131698   788888888888889911022017000000000007500001000213888888888888899          0900000000000010500000000000000000000000000000000000000   0000000000000000000000000A9A4      170192957705     
0010001300038U 020000000000000000000000000000000000000000000000000000000000000000000000000000000000000000000000000000000000000000000000000902201700000000            000000000000000                              000                           
0010001300039T 020180230000001544772 29577050295353858   788888888888889911022017000000000007500001000213888888888888899          0900000000000010500000000000000000000000000000000000000   0000000000000000000000000A9A4      170192957705     
0010001300040U 020000000000000000000000000000000000000000000000000000000000000000000000000000000000000000000000000000000000000000000000000902201700000000            000000000000000                              000                           
0010001300041T 020180230000001544772 29577050304948908   788888888888889911022017000000000007500001012416888888888888899          0900000000000010000000000000000000000000000000000000000   0000000000000000000000000A9        170192957705     
0010001300042U 020000000000000000000000000000000000000000000000000000000000000000000000000000000000000000000000000000000000000000000000000902201700000000            000000000000000                              000                           
0010001300043T 020180230000001544772 29577050314546937   788888888888889911022017000000000007500001012408888888888888899          0900000000000010000000000000000000000000000000000000000   0000000000000000000000000A9        170192957705     
0010001300044U 020000000000000000000000000000000000000000000000000000000000000000000000000000000000000000000000000000000000000000000000000902201700000000            000000000000000                              000                           
0010001300045T 020180230000001544772 29577050317253962   788888888888889911022017000000000007500001000213888888888888899          0900000000000010000000000000000000000000000000000000000   0000000000000000000000000A9        170192957705     
0010001300046U 020000000000000000000000000000000000000000000000000000000000000000000000000000000000000000000000000000000000000000000000000902201700000000            000000000000000                              000                           
0010001300047T 020180230000001544772 29577050321307361   788888888888889911022017000000000007500001012408888888888888899          0900000000000010000000000000000000000000000000000000000   0000000000000000000000000A9        170192957705     
0010001300048U 020000000000000000000000000000000000000000000000000000000000000000000000000000000000000000000000000000000000000000000000000902201700000000            000000000000000                              000                           
0010001300049T 020180230000001544772 29577050331600631   788888888888889911022017000000000007500001004782888888888888899          0900000000000010000000000000000000000000000000000000000   0000000000000000000000000A9        170192957705     
0010001300050U 020000000000000000000000000000000000000000000000000000000000000000000000000000000000000000000000000000000000000000000000000902201700000000            000000000000000                              000                           
0010001300051T 020180230000001544772 29577050331753718   788888888888889911022017000000000007500001004782888888888888899          0900000000000010000000000000000000000000000000000000000   0000000000000000000000000A9        170192957705     
0010001300052U 020000000000000000000000000000000000000000000000000000000000000000000000000000000000000000000000000000000000000000000000000902201700000000            000000000000000                              000                           
0010001300053T 020180230000001544772 29577050333345248   788888888888889911022017000000000007500001012408888888888888899          0900000000000010000000000000000000000000000000000000000   0000000000000000000000000A9        170192957705     
0010001300054U 020000000000000000000000000000000000000000000000000000000000000000000000000000000000000000000000000000000000000000000000000902201700000000            000000000000000                              000                           
0010001300055T 020180230000001544772 29577050359853391   788888888888889911022017000000000007500001012416888888888888899          0900000000000010000000000000000000000000000000000000000   0000000000000000000000000A9        170192957705     
0010001300056U 020000000000000000000000000000000000000000000000000000000000000000000000000000000000000000000000000000000000000000000000000902201700000000            000000000000000                              000                           
0010001300057T 020180230000001544772 29577050362949304   788888888888889911022017000000000007500001012408888888888888899          0900000000000010000000000000000000000000000000000000000   0000000000000000000000000A9        170192957705     
0010001300058U 020000000000000000000000000000000000000000000000000000000000000000000000000000000000000000000000000000000000000000000000000902201700000000            000000000000000                              000                           
0010001300059T 020180230000001544772 29577050373105504   788888888888889911022017000000000007500001012416888888888888899          0900000000000010000000000000000000000000000000000000000   0000000000000000000000000A9        170192957705     
0010001300060U 020000000000000000000000000000000000000000000000000000000000000000000000000000000000000000000000000000000000000000000000000902201700000000            000000000000000                              000                           
0010001300061T 020180230000001544772 29577050376638412   78888888888888991102201700000000000750000103049X888888888888899          0900000000000010000000000000000000000000000000000000000   0000000000000000000000000A9        170192957705     
0010001300062U 020000000000000000000000000000000000000000000000000000000000000000000000000000000000000000000000000000000000000000000000000902201700000000            000000000000000                              000                           
0010001300063T 020180230000001544772 29577050391717739   788888888888889911022017000000000007500001012408888888888888899          0900000000000010000000000000000000000000000000000000000   0000000000000000000000000A9        170192957705     
0010001300064U 020000000000000000000000000000000000000000000000000000000000000000000000000000000000000000000000000000000000000000000000000902201700000000            000000000000000                              000                           
0010001300065T 020180230000001544772 29577050412446425   788888888888889911022017000000000007500001000213888888888888899          0900000000000010000000000000000000000000000000000000000   0000000000000000000000000A9        170192957705     
0010001300066U 020000000000000000000000000000000000000000000000000000000000000000000000000000000000000000000000000000000000000000000000000902201700000000            000000000000000                              000                           
0010001300067T 020180230000001544772 29577050424242374   788888888888889911022017000000000007500001012416888888888888899          0900000000000010000000000000000000000000000000000000000   0000000000000000000000000A9        170192957705     
0010001300068U 020000000000000000000000000000000000000000000000000000000000000000000000000000000000000000000000000000000000000000000000000902201700000000            000000000000000                              000                           
0010001300069T 020180230000001544772 29577050428357570   788888888888889911022017000000000010000001002224888888888888899          0900000000000010000000000000000000000000000000000000000   0000000000000000000000000A9        170192957705     
0010001300070U 020000000000000000000000000000000000000000000000000000000000000000000000000000000000000000000000000000000000000000000000000902201700000000            000000000000000                              000                           
0010001300071T 020180230000001544772 29577050432235861   788888888888889911022017000000000007500001012408888888888888899          0900000000000010000000000000000000000000000000000000000   0000000000000000000000000A9        170192957705     
0010001300072U 020000000000000000000000000000000000000000000000000000000000000000000000000000000000000000000000000000000000000000000000000902201700000000            000000000000000                              000                           
0010001300073T 020180230000001544772 29577050434740242   788888888888889911022017000000000007500001012416888888888888899          0900000000000010000000000000000000000000000000000000000   0000000000000000000000000A9        170192957705     
0010001300074U 020000000000000000000000000000000000000000000000000000000000000000000000000000000000000000000000000000000000000000000000000902201700000000            000000000000000                              000                           
0010001300075T 020180230000001544772 29577050434745581   788888888888889911022017000000000007500001012416888888888888899          0900000000000010000000000000000000000000000000000000000   0000000000000000000000000A9        170192957705     
0010001300076U 020000000000000000000000000000000000000000000000000000000000000000000000000000000000000000000000000000000000000000000000000902201700000000            000000000000000                              000                           
0010001300077T 020180230000001544772 29577050440914470   788888888888889911022017000000000007500001012416888888888888899          0900000000000010000000000000000000000000000000000000000   0000000000000000000000000A9        170192957705     
0010001300078U 020000000000000000000000000000000000000000000000000000000000000000000000000000000000000000000000000000000000000000000000000902201700000000            000000000000000                              000                           
0010001300079T 020180230000001544772 29577050446509833   788888888888889911022017000000000007500001000213888888888888899          0900000000000010000000000000000000000000000000000000000   0000000000000000000000000A9        170192957705     
0010001300080U 020000000000000000000000000000000000000000000000000000000000000000000000000000000000000000000000000000000000000000000000000902201700000000            000000000000000                              000                           
0010001300081T 020180230000001544772 29577050446811334   788888888888889911022017000000000007500001000213888888888888899          0900000000000010000000000000000000000000000000000000000   0000000000000000000000000A9        170192957705     
0010001300082U 020000000000000000000000000000000000000000000000000000000000000000000000000000000000000000000000000000000000000000000000000902201700000000            000000000000000                              000                           
0010001300083T 020180230000001544772 29577050446913115   788888888888889911022017000000000007500001000213888888888888899          0900000000000010000000000000000000000000000000000000000   0000000000000000000000000A9        170192957705     
0010001300084U 020000000000000000000000000000000000000000000000000000000000000000000000000000000000000000000000000000000000000000000000000902201700000000            000000000000000                              000                           
0010001300085T 020180230000001544772 29577050447431328   788888888888889911022017000000000007500001003018888888888888899          0900000000000010000000000000000000000000000000000000000   0000000000000000000000000A9        170192957705     
0010001300086U 020000000000000000000000000000000000000000000000000000000000000000000000000000000000000000000000000000000000000000000000000902201700000000            000000000000000                              000                           
0010001300087T 020180230000001544772 29577050447441756   788888888888889911022017000000000007500001003018888888888888899          0900000000000010000000000000000000000000000000000000000   0000000000000000000000000A9        170192957705     
0010001300088U 020000000000000000000000000000000000000000000000000000000000000000000000000000000000000000000000000000000000000000000000000902201700000000            000000000000000                              000                           
0010001300089T 020180230000001544772 29577050448302079   788888888888889911022017000000000007500001002224888888888888899          0900000000000010000000000000000000000000000000000000000   0000000000000000000000000A9        170192957705     
0010001300090U 020000000000000000000000000000000000000000000000000000000000000000000000000000000000000000000000000000000000000000000000000902201700000000            000000000000000                              000                           
0010001300091T 020180230000001544772 29577050449812648   788888888888889911022017000000000007500001005185888888888888899          0900000000000010000000000000000000000000000000000000000   0000000000000000000000000A9        170192957705     
0010001300092U 020000000000000000000000000000000000000000000000000000000000000000000000000000000000000000000000000000000000000000000000000902201700000000            000000000000000                              000                           
0010001300093T 020180230000001544772 29577050458320012   788888888888889911022017000000000007500001004804888888888888899          0900000000000010000000000000000000000000000000000000000   0000000000000000000000000A9        170192957705     
0010001300094U 020000000000000000000000000000000000000000000000000000000000000000000000000000000000000000000000000000000000000000000000000902201700000000            000000000000000                              000                           
0010001300095T 020180230000001544772 29577050458613104   788888888888889911022017000000000007500001004804888888888888899          0900000000000010000000000000000000000000000000000000000   0000000000000000000000000A9        170192957705     
0010001300096U 020000000000000000000000000000000000000000000000000000000000000000000000000000000000000000000000000000000000000000000000000902201700000000            000000000000000                              000                           
0010001300097T 020180230000001544772 29577050458628117   788888888888889911022017000000000007500001004804888888888888899          0900000000000010000000000000000000000000000000000000000   0000000000000000000000000A9        170192957705     
0010001300098U 020000000000000000000000000000000000000000000000000000000000000000000000000000000000000000000000000000000000000000000000000902201700000000            000000000000000                              000                           
0010001300099T 020180230000001544772 29577050458915233   788888888888889911022017000000000007500001000213888888888888899          0900000000000010000000000000000000000000000000000000000   0000000000000000000000000A9        170192957705     
0010001300100U 020000000000000000000000000000000000000000000000000000000000000000000000000000000000000000000000000000000000000000000000000902201700000000            000000000000000                              000                           
0010001300101T 020180230000001544772 29577050459047309   78888888888888991102201700000000000750000103049X888888888888899          0900000000000010000000000000000000000000000000000000000   0000000000000000000000000A9        170192957705     
0010001300102U 020000000000000000000000000000000000000000000000000000000000000000000000000000000000000000000000000000000000000000000000000902201700000000            000000000000000                              000                           
0010001300103T 020180230000001544772 29577050465034968   788888888888889911022017000000000007500001012408888888888888899          0900000000000010000000000000000000000000000000000000000   0000000000000000000000000A9        170192957705     
0010001300104U 020000000000000000000000000000000000000000000000000000000000000000000000000000000000000000000000000000000000000000000000000902201700000000            000000000000000                              000                           
0010001300105T 020180230000001544772 29577050465216722   788888888888889911022017000000000007500001021121888888888888899          0900000000000010000000000000000000000000000000000000000   0000000000000000000000000A9        170192957705     
0010001300106U 020000000000000000000000000000000000000000000000000000000000000000000000000000000000000000000000000000000000000000000000000902201700000000            000000000000000                              000                           
0010001300107T 020180230000001544772 29577050465234724   788888888888889911022017000000000007500001021121888888888888899          0900000000000010000000000000000000000000000000000000000   0000000000000000000000000A9        170192957705     
0010001300108U 020000000000000000000000000000000000000000000000000000000000000000000000000000000000000000000000000000000000000000000000000902201700000000            000000000000000                              000                           
0010001300109T 020180230000001544772 29577050465239507   788888888888889911022017000000000007500001021121888888888888899          0900000000000010000000000000000000000000000000000000000   0000000000000000000000000A9        170192957705     
0010001300110U 020000000000000000000000000000000000000000000000000000000000000000000000000000000000000000000000000000000000000000000000000902201700000000            000000000000000                              000                           
0010001300111T 020180230000001544772 29577050465356163   788888888888889911022017000000000007500001012408888888888888899          0900000000000010000000000000000000000000000000000000000   0000000000000000000000000A9        170192957705     
0010001300112U 020000000000000000000000000000000000000000000000000000000000000000000000000000000000000000000000000000000000000000000000000902201700000000            000000000000000                              000                           
0010001300113T 020180230000001544772 29577050465431553   78888888888888991102201700000000000750000103049X888888888888899          0900000000000010000000000000000000000000000000000000000   0000000000000000000000000A9        170192957705     
0010001300114U 020000000000000000000000000000000000000000000000000000000000000000000000000000000000000000000000000000000000000000000000000902201700000000            000000000000000                              000                           
0010001300115T 020180230000001544772 29577050465510588   788888888888889911022017000000000007500001000833888888888888899          0900000000000010000000000000000000000000000000000000000   0000000000000000000000000A9        170192957705     
0010001300116U 020000000000000000000000000000000000000000000000000000000000000000000000000000000000000000000000000000000000000000000000000902201700000000            000000000000000                              000                           
0010001300117T 020180230000001544772 29577050465627961   788888888888889911022017000000000007500001000213888888888888899          0900000000000010000000000000000000000000000000000000000   0000000000000000000000000A9        170192957705     
0010001300118U 020000000000000000000000000000000000000000000000000000000000000000000000000000000000000000000000000000000000000000000000000902201700000000            000000000000000                              000                           
0010001300119T 020180230000001544772 29577050465759531   788888888888889911022017000000000007500001000833888888888888899          0900000000000010000000000000000000000000000000000000000   0000000000000000000000000A9        170192957705     
0010001300120U 020000000000000000000000000000000000000000000000000000000000000000000000000000000000000000000000000000000000000000000000000902201700000000            000000000000000                              000                           
0010001300121T 020180230000001544772 29577050465806983   788888888888889911022017000000000007500001045578888888888888899          0900000000000010000000000000000000000000000000000000000   0000000000000000000000000A9        170192957705     
0010001300122U 020000000000000000000000000000000000000000000000000000000000000000000000000000000000000000000000000000000000000000000000000902201700000000            000000000000000                              000                           
0010001300123T 020180230000001544772 29577050465947883   788888888888889911022017000000000007500001000833888888888888899          0900000000000010000000000000000000000000000000000000000   0000000000000000000000000A9        170192957705     
0010001300124U 020000000000000000000000000000000000000000000000000000000000000000000000000000000000000000000000000000000000000000000000000902201700000000            000000000000000                              000                           
0010001300125T 020180230000001544772 29577050466010218   788888888888889911022017000000000007500001000213888888888888899          0900000000000010000000000000000000000000000000000000000   0000000000000000000000000A9        170192957705     
0010001300126U 020000000000000000000000000000000000000000000000000000000000000000000000000000000000000000000000000000000000000000000000000902201700000000            000000000000000                              000                           
0010001300127T 020180230000001544772 29577050466115860   78888888888888991102201700000000000750000103049X888888888888899          0900000000000010000000000000000000000000000000000000000   0000000000000000000000000A9        170192957705     
0010001300128U 020000000000000000000000000000000000000000000000000000000000000000000000000000000000000000000000000000000000000000000000000902201700000000            000000000000000                              000                           
0010001300129T 020180230000001544772 29577050466223613   78888888888888991102201700000000000750000103049X888888888888899          0900000000000010000000000000000000000000000000000000000   0000000000000000000000000A9        170192957705     
0010001300130U 020000000000000000000000000000000000000000000000000000000000000000000000000000000000000000000000000000000000000000000000000902201700000000            000000000000000                              000                           
0010001300131T 020180230000001544772 29577050466230133   78888888888888991102201700000000000750000103049X888888888888899          0900000000000010000000000000000000000000000000000000000   0000000000000000000000000A9        170192957705     
0010001300132U 020000000000000000000000000000000000000000000000000000000000000000000000000000000000000000000000000000000000000000000000000902201700000000            000000000000000                              000                           
0010001300133T 020180230000001544772 29577050466255963   78888888888888991102201700000000000750000103049X888888888888899          0900000000000010000000000000000000000000000000000000000   0000000000000000000000000A9        170192957705     
0010001300134U 020000000000000000000000000000000000000000000000000000000000000000000000000000000000000000000000000000000000000000000000000902201700000000            000000000000000                              000                           
0010001300135T 020180230000001544772 29577050466351806   788888888888889911022017000000000007500001012416888888888888899          0900000000000010000000000000000000000000000000000000000   0000000000000000000000000A9        170192957705     
0010001300136U 020000000000000000000000000000000000000000000000000000000000000000000000000000000000000000000000000000000000000000000000000902201700000000            000000000000000                              000                           
0010001300137T 020180230000001544772 29577050466403917   788888888888889911022017000000000010000001012416888888888888899          0900000000000010000000000000000000000000000000000000000   0000000000000000000000000A9        170192957705     
0010001300138U 020000000000000000000000000000000000000000000000000000000000000000000000000000000000000000000000000000000000000000000000000902201700000000            000000000000000                              000                           
0010001300139T 020180230000001544772 29577050466548500   788888888888889911022017000000000007500001012408888888888888899          0900000000000010000000000000000000000000000000000000000   0000000000000000000000000A9        170192957705     
0010001300140U 020000000000000000000000000000000000000000000000000000000000000000000000000000000000000000000000000000000000000000000000000902201700000000            000000000000000                              000                           
0010001300141T 020180230000001544772 29577050466631156   78888888888888991102201700000000001000000103049X888888888888899          0900000000000010000000000000000000000000000000000000000   0000000000000000000000000A9        170192957705     
0010001300142U 020000000000000000000000000000000000000000000000000000000000000000000000000000000000000000000000000000000000000000000000000902201700000000            000000000000000                              000                           
0010001300143T 020180230000001544772 29577050466709316   78888888888888991102201700000000000750000100281X888888888888899          0900000000000010000000000000000000000000000000000000000   0000000000000000000000000A9        170192957705     
0010001300144U 020000000000000000000000000000000000000000000000000000000000000000000000000000000000000000000000000000000000000000000000000902201700000000            000000000000000                              000                           
0010001300145T 020180230000001544772 29577050467008158   788888888888889911022017000000000007500001000213888888888888899          0900000000000010000000000000000000000000000000000000000   0000000000000000000000000A9        170192957705     
0010001300146U 020000000000000000000000000000000000000000000000000000000000000000000000000000000000000000000000000000000000000000000000000902201700000000            000000000000000                              000                           
0010001300147T 020180230000001544772 29577050467228513   788888888888889911022017000000000007500001012416888888888888899          0900000000000010500000000000000000000000000000000000000   0000000000000000000000000A9A4      170192957705     
0010001300148U 020000000000000000000000000000000000000000000000000000000000000000000000000000000000000000000000000000000000000000000000000902201700000000            000000000000000                              000                           
0010001300149T 020180230000001544772 29577050467313910   788888888888889911022017000000000007500001012408888888888888899          0900000000000010000000000000000000000000000000000000000   0000000000000000000000000A9        170192957705     
0010001300150U 020000000000000000000000000000000000000000000000000000000000000000000000000000000000000000000000000000000000000000000000000902201700000000            000000000000000                              000                           
0010001300151T 020180230000001544772 29577050467350254   788888888888889911022017000000000007500001012408888888888888899          0900000000000010000000000000000000000000000000000000000   0000000000000000000000000A9        170192957705     
0010001300152U 020000000000000000000000000000000000000000000000000000000000000000000000000000000000000000000000000000000000000000000000000902201700000000            000000000000000                              000                           
0010001300153T 020180230000001544772 29577050467411637   788888888888889911022017000000000007500001012408888888888888899          0900000000000010000000000000000000000000000000000000000   0000000000000000000000000A9        170192957705     
0010001300154U 020000000000000000000000000000000000000000000000000000000000000000000000000000000000000000000000000000000000000000000000000902201700000000            000000000000000                              000                           
0010001300155T 020180230000001544772 29577050467532666   78888888888888991102201700000000000750000103049X888888888888899          0900000000000010000000000000000000000000000000000000000   0000000000000000000000000A9        170192957705     
0010001300156U 020000000000000000000000000000000000000000000000000000000000000000000000000000000000000000000000000000000000000000000000000902201700000000            000000000000000                              000                           
0010001300157T 020180230000001544772 29577050467628189   788888888888889911022017000000000007500001000213888888888888899          0900000000000010500000000000000000000000000000000000000   0000000000000000000000000A9A4      170192957705     
0010001300158U 020000000000000000000000000000000000000000000000000000000000000000000000000000000000000000000000000000000000000000000000000902201700000000            000000000000000                              000                           
0010001300159T 020180230000001544772 29577050467811831   78888888888888991102201700000000000750000103049X888888888888899          0900000000000010000000000000000000000000000000000000000   0000000000000000000000000A9        170192957705     
0010001300160U 020000000000000000000000000000000000000000000000000000000000000000000000000000000000000000000000000000000000000000000000000902201700000000            000000000000000                              000                           
0010001300161T 020180230000001544772 29577050468024373   788888888888889911022017000000000007500001004782888888888888899          0900000000000010000000000000000000000000000000000000000   0000000000000000000000000A9        170192957705     
0010001300162U 020000000000000000000000000000000000000000000000000000000000000000000000000000000000000000000000000000000000000000000000000902201700000000            000000000000000                              000                           
0010001300163T 020180230000001544772 29577050468100715   788888888888889911022017000000000007500001012408888888888888899          0900000000000010000000000000000000000000000000000000000   0000000000000000000000000A9        170192957705     
0010001300164U 020000000000000000000000000000000000000000000000000000000000000000000000000000000000000000000000000000000000000000000000000902201700000000            000000000000000                              000                           
0010001300165T 020180230000001544772 29577050468342961   78888888888888991102201700000000000750000100166X888888888888899          0900000000000010500000000000000000000000000000000000000   0000000000000000000000000A9A4      170192957705     
0010001300166U 020000000000000000000000000000000000000000000000000000000000000000000000000000000000000000000000000000000000000000000000000902201700000000            000000000000000                              000                           
0010001300167T 020180230000001544772 29577050468524996   788888888888889911022017000000000007500001012211888888888888899          0900000000000010000000000000000000000000000000000000000   0000000000000000000000000A9        170192957705     
0010001300168U 020000000000000000000000000000000000000000000000000000000000000000000000000000000000000000000000000000000000000000000000000902201700000000            000000000000000                              000                           
0010001300169T 020180230000001544772 29577050468650457   788888888888889911022017000000000007500001000833888888888888899          0900000000000010000000000000000000000000000000000000000   0000000000000000000000000A9        170192957705     
0010001300170U 020000000000000000000000000000000000000000000000000000000000000000000000000000000000000000000000000000000000000000000000000902201700000000            000000000000000                              000                           
0010001300171T 020180230000001544772 29577050468721745   788888888888889911022017000000000007500001000833888888888888899          0900000000000010000000000000000000000000000000000000000   0000000000000000000000000A9        170192957705     
0010001300172U 020000000000000000000000000000000000000000000000000000000000000000000000000000000000000000000000000000000000000000000000000902201700000000            000000000000000                              000                           
0010001300173T 020180230000001544772 29577050468821309   788888888888889911022017000000000007500001008370888888888888899          0900000000000010000000000000000000000000000000000000000   0000000000000000000000000A9        170192957705     
0010001300174U 020000000000000000000000000000000000000000000000000000000000000000000000000000000000000000000000000000000000000000000000000902201700000000            000000000000000                              000                           
0010001300175T 020180230000001544772 29577050468919863   788888888888889911022017000000000007500001012408888888888888899          0900000000000010000000000000000000000000000000000000000   0000000000000000000000000A9        170192957705     
0010001300176U 020000000000000000000000000000000000000000000000000000000000000000000000000000000000000000000000000000000000000000000000000902201700000000            000000000000000                              000                           
0010001300177T 020180230000001544772 29577050469009824   788888888888889911022017000000000007500001012408888888888888899          0900000000000010000000000000000000000000000000000000000   0000000000000000000000000A9        170192957705     
0010001300178U 020000000000000000000000000000000000000000000000000000000000000000000000000000000000000000000000000000000000000000000000000902201700000000            000000000000000                              000                           
0010001300179T 020180230000001544772 29577050469151503   788888888888889911022017000000000010000001012408888888888888899          0900000000000010000000000000000000000000000000000000000   0000000000000000000000000A9        170192957705     
0010001300180U 020000000000000000000000000000000000000000000000000000000000000000000000000000000000000000000000000000000000000000000000000902201700000000            000000000000000                              000                           
0010001300181T 020180230000001544772 29577050469215338   788888888888889911022017000000000007500001012408888888888888899          0900000000000010000000000000000000000000000000000000000   0000000000000000000000000A9        170192957705     
0010001300182U 020000000000000000000000000000000000000000000000000000000000000000000000000000000000000000000000000000000000000000000000000902201700000000            000000000000000                              000                           
0010001300183T 020180230000001544772 29577050469447015   788888888888889911022017000000000007500001000213888888888888899          0900000000000010000000000000000000000000000000000000000   0000000000000000000000000A9        170192957705     
0010001300184U 020000000000000000000000000000000000000000000000000000000000000000000000000000000000000000000000000000000000000000000000000902201700000000            000000000000000                              000                           
0010001300185T 020180230000001544772 29577050469642450   788888888888889911022017000000000007500001012408888888888888899          0900000000000010000000000000000000000000000000000000000   0000000000000000000000000A9        170192957705     
0010001300186U 020000000000000000000000000000000000000000000000000000000000000000000000000000000000000000000000000000000000000000000000000902201700000000            000000000000000                              000                           
0010001300187T 020180230000001544772 29577050469727607   788888888888889911022017000000000007500001000213888888888888899          0900000000000010000000000000000000000000000000000000000   0000000000000000000000000A9        170192957705     
0010001300188U 020000000000000000000000000000000000000000000000000000000000000000000000000000000000000000000000000000000000000000000000000902201700000000            000000000000000                              000                           
0010001300189T 020180230000001544772 29577050469906251   788888888888889911022017000000000007500001000833888888888888899          0900000000000010000000000000000000000000000000000000000   0000000000000000000000000A9        170192957705     
0010001300190U 020000000000000000000000000000000000000000000000000000000000000000000000000000000000000000000000000000000000000000000000000902201700000000            000000000000000                              000                           
0010001300191T 020180230000001544772 29577050470013222   788888888888889911022017000000000007500001000213888888888888899          0900000000000010000000000000000000000000000000000000000   0000000000000000000000000A9        170192957705     
0010001300192U 020000000000000000000000000000000000000000000000000000000000000000000000000000000000000000000000000000000000000000000000000902201700000000            000000000000000                              000                           
0010001300193T 020180230000001544772 29577050470106816   788888888888889911022017000000000007500001012408888888888888899          0900000000000010000000000000000000000000000000000000000   0000000000000000000000000A9        170192957705     
0010001300194U 020000000000000000000000000000000000000000000000000000000000000000000000000000000000000000000000000000000000000000000000000902201700000000            000000000000000                              000                           
0010001300195T 020180230000001544772 29577050470226044   788888888888889911022017000000000007500001012408888888888888899          0900000000000010000000000000000000000000000000000000000   0000000000000000000000000A9        170192957705     
0010001300196U 020000000000000000000000000000000000000000000000000000000000000000000000000000000000000000000000000000000000000000000000000902201700000000            000000000000000                              000                           
0010001300197T 020180230000001544772 29577050470310687   788888888888889911022017000000000007500001012408888888888888899          0900000000000010000000000000000000000000000000000000000   0000000000000000000000000A9        170192957705     
0010001300198U 020000000000000000000000000000000000000000000000000000000000000000000000000000000000000000000000000000000000000000000000000902201700000000            000000000000000                              000                           
0010001300199T 020180230000001544772 29577050470400538   788888888888889911022017000000000007500001012408888888888888899          0900000000000010000000000000000000000000000000000000000   0000000000000000000000000A9        170192957705     
0010001300200U 020000000000000000000000000000000000000000000000000000000000000000000000000000000000000000000000000000000000000000000000000902201700000000            000000000000000                              000                           
0010001300201T 020180230000001544772 29577050470413057   788888888888889911022017000000000007500001012408888888888888899          0900000000000010000000000000000000000000000000000000000   0000000000000000000000000A9        170192957705     
0010001300202U 020000000000000000000000000000000000000000000000000000000000000000000000000000000000000000000000000000000000000000000000000902201700000000            000000000000000                              000                           
0010001300203T 020180230000001544772 29577050470451165   788888888888889911022017000000000007500001012408888888888888899          0900000000000010000000000000000000000000000000000000000   0000000000000000000000000A9        170192957705     
0010001300204U 020000000000000000000000000000000000000000000000000000000000000000000000000000000000000000000000000000000000000000000000000902201700000000            000000000000000                              000                           
0010001300205T 020180230000001544772 29577050470613849   788888888888889911022017000000000007500001001120888888888888899          0900000000000010000000000000000000000000000000000000000   0000000000000000000000000A9        170192957705     
0010001300206U 020000000000000000000000000000000000000000000000000000000000000000000000000000000000000000000000000000000000000000000000000902201700000000            000000000000000                              000                           
0010001300207T 020180230000001544772 29577050470726898   788888888888889911022017000000000007500001012408888888888888899          0900000000000010000000000000000000000000000000000000000   0000000000000000000000000A9        170192957705     
0010001300208U 020000000000000000000000000000000000000000000000000000000000000000000000000000000000000000000000000000000000000000000000000902201700000000            000000000000000                              000                           
0010001300209T 020180230000001544772 29577050470831698   788888888888889911022017000000000007500001009245888888888888899          0900000000000010000000000000000000000000000000000000000   0000000000000000000000000A9        170192957705     
0010001300210U 020000000000000000000000000000000000000000000000000000000000000000000000000000000000000000000000000000000000000000000000000902201700000000            000000000000000                              000                           
0010001300211T 020180230000001544772 29577050470948773   788888888888889911022017000000000010000001012408888888888888899          0900000000000010000000000000000000000000000000000000000   0000000000000000000000000A9        170192957705     
0010001300212U 020000000000000000000000000000000000000000000000000000000000000000000000000000000000000000000000000000000000000000000000000902201700000000            000000000000000                              000                           
0010001300213T 020180230000001544772 29577050471022901   788888888888889911022017000000000007500001012211888888888888899          0900000000000010000000000000000000000000000000000000000   0000000000000000000000000A9        170192957705     
0010001300214U 020000000000000000000000000000000000000000000000000000000000000000000000000000000000000000000000000000000000000000000000000902201700000000            000000000000000                              000                           
0010001300215T 020180230000001544772 29577050471138252   78888888888888991102201700000000000750000103049X888888888888899          0900000000000010000000000000000000000000000000000000000   0000000000000000000000000A9        170192957705     
0010001300216U 020000000000000000000000000000000000000000000000000000000000000000000000000000000000000000000000000000000000000000000000000902201700000000            000000000000000                              000                           
0010001300217T 020180230000001544772 29577050471206945   788888888888889911022017000000000007500001012408888888888888899          0900000000000010000000000000000000000000000000000000000   0000000000000000000000000A9        170192957705     
0010001300218U 020000000000000000000000000000000000000000000000000000000000000000000000000000000000000000000000000000000000000000000000000902201700000000            000000000000000                              000                           
0010001300219T 020180230000001544772 29577050471421894   788888888888889911022017000000000007500001000833888888888888899          0900000000000010000000000000000000000000000000000000000   0000000000000000000000000A9        170192957705     
0010001300220U 020000000000000000000000000000000000000000000000000000000000000000000000000000000000000000000000000000000000000000000000000902201700000000            000000000000000                              000                           
0010001300221T 020180230000001544772 29577050471528866   78888888888888991102201700000000000750000103049X888888888888899          0900000000000010000000000000000000000000000000000000000   0000000000000000000000000A9        170192957705     
0010001300222U 020000000000000000000000000000000000000000000000000000000000000000000000000000000000000000000000000000000000000000000000000902201700000000            000000000000000                              000                           
0010001300223T 020180230000001544772 29577050471635298   788888888888889911022017000000000007500001012408888888888888899          0900000000000010000000000000000000000000000000000000000   0000000000000000000000000A9        170192957705     
0010001300224U 020000000000000000000000000000000000000000000000000000000000000000000000000000000000000000000000000000000000000000000000000902201700000000            000000000000000                              000                           
0010001300225T 020180230000001544772 29577050471705629   788888888888889911022017000000000010000001030864888888888888899          0900000000000010000000000000000000000000000000000000000   0000000000000000000000000A9        170192957705     
0010001300226U 020000000000000000000000000000000000000000000000000000000000000000000000000000000000000000000000000000000000000000000000000902201700000000            000000000000000                              000                           
0010001300227T 020180230000001544772 29577050471831313   788888888888889911022017000000000007500001000213888888888888899          0900000000000010000000000000000000000000000000000000000   0000000000000000000000000A9        170192957705     
0010001300228U 020000000000000000000000000000000000000000000000000000000000000000000000000000000000000000000000000000000000000000000000000902201700000000            000000000000000                              000                           
0010001300229T 020180230000001544772 29577050471927322   788888888888889911022017000000000007500001000213888888888888899          0900000000000010000000000000000000000000000000000000000   0000000000000000000000000A9        170192957705     
0010001300230U 020000000000000000000000000000000000000000000000000000000000000000000000000000000000000000000000000000000000000000000000000902201700000000            000000000000000                              000                           
0010001300231T 020180230000001544772 29577050472020112   788888888888889911022017000000000007500001012408888888888888899          0900000000000010000000000000000000000000000000000000000   0000000000000000000000000A9        170192957705     
0010001300232U 020000000000000000000000000000000000000000000000000000000000000000000000000000000000000000000000000000000000000000000000000902201700000000            000000000000000                              000                           
0010001300233T 020180230000001544772 29577050472148884   788888888888889911022017000000000007500001000213888888888888899          0900000000000010000000000000000000000000000000000000000   0000000000000000000000000A9        170192957705     
0010001300234U 020000000000000000000000000000000000000000000000000000000000000000000000000000000000000000000000000000000000000000000000000902201700000000            000000000000000                              000                           
0010001300235T 020180230000001544772 29577050472252018   788888888888889911022017000000000007500001027707888888888888899          0900000000000010000000000000000000000000000000000000000   0000000000000000000000000A9        170192957705     
0010001300236U 020000000000000000000000000000000000000000000000000000000000000000000000000000000000000000000000000000000000000000000000000902201700000000            000000000000000                              000                           
0010001300237T 020180230000001544772 29577050472313689   788888888888889911022017000000000007500001012408888888888888899          0900000000000010000000000000000000000000000000000000000   0000000000000000000000000A9        170192957705     
0010001300238U 020000000000000000000000000000000000000000000000000000000000000000000000000000000000000000000000000000000000000000000000000902201700000000            000000000000000                              000                           
0010001300239T 020180230000001544772 29577050472405657   788888888888889911022017000000000007500001005185888888888888899          0900000000000010000000000000000000000000000000000000000   0000000000000000000000000A9        170192957705     
0010001300240U 020000000000000000000000000000000000000000000000000000000000000000000000000000000000000000000000000000000000000000000000000902201700000000            000000000000000                              000                           
0010001300241T 020180230000001544772 29577050472526231   788888888888889911022017000000000007500001012416888888888888899          0900000000000010000000000000000000000000000000000000000   0000000000000000000000000A9        170192957705     
0010001300242U 020000000000000000000000000000000000000000000000000000000000000000000000000000000000000000000000000000000000000000000000000902201700000000            000000000000000                              000                           
0010001300243T 020180230000001544772 29577050472613658   788888888888889911022017000000000010000001002224888888888888899          0900000000000010000000000000000000000000000000000000000   0000000000000000000000000A9        170192957705     
0010001300244U 020000000000000000000000000000000000000000000000000000000000000000000000000000000000000000000000000000000000000000000000000902201700000000            000000000000000                              000                           
0010001300245T 020180230000001544772 29577050472715607   788888888888889911022017000000000007500001000213888888888888899          0900000000000010000000000000000000000000000000000000000   0000000000000000000000000A9        170192957705     
0010001300246U 020000000000000000000000000000000000000000000000000000000000000000000000000000000000000000000000000000000000000000000000000902201700000000            000000000000000                              000                           
0010001300247T 020180230000001544772 29577050472958362   78888888888888991102201700000000000750000103049X888888888888899          0900000000000010000000000000000000000000000000000000000   0000000000000000000000000A9        170192957705     
0010001300248U 020000000000000000000000000000000000000000000000000000000000000000000000000000000000000000000000000000000000000000000000000902201700000000            000000000000000                              000                           
0010001300249T 020180230000001544772 29577050473035546   78888888888888991102201700000000000750000103049X888888888888899          0900000000000010000000000000000000000000000000000000000   0000000000000000000000000A9        170192957705     
0010001300250U 020000000000000000000000000000000000000000000000000000000000000000000000000000000000000000000000000000000000000000000000000902201700000000            000000000000000                              000                           
0010001300251T 060180230000001544772 29577050013407935   788888888888889911022017000000000007500104001670888888888888899          0900000000000010000000000000000000000000000000000000000   000000000000000000000029000        170192957705     
0010001300252U 060000000000000000000000000000000000000000000000000000000000000000000000075000000000000072100000000000000000000000000000000902201710022017            000000000000000                              000                           
0010001300253T 060180230000001544772 29577050027102859   788888888888889909022017000000000010000756030080888888888888899          0900000000000010000000000000000000000000000000000000000   000000000000000000000029000        170192957705     
0010001300254U 060000000000000000000000000000000000000000000000000000000000000000000000100000000000000097100000000000000000000000000000000902201710022017            000000000000000                              000                           
0010001300255T 170180230000001544772 29577050040034927   7               00000000000000000007500104010340                         0900000000000010000000000000000000000000000000000000000   000000000000000000000070003        170192957705     
0010001300256U 170000000000000000000000000000000000000000000000000000000000000000000000075000000000000068000000000000000000000000000000000902201710022017            000000000000000                              000                           
0010001300257T 060180230000001544772 29577050048535871   788888888888889910022017000000000010000001040355888888888888899          0900000000000010000000000000000000000000000000000000000   000000000000000000000029000        170192957705     
0010001300258U 060000000000000000000000000000000000000000000000000000000000000000000000100000000000000097100000000000000000000000000000000902201710022017            000000000000000                              000                           
0010001300259T 060180230000001544772 29577050058410213   788888888888889909022017000000000007500104001720888888888888899          0900000000000010000000000000000000000000000000000000000   000000000000000000000029000        170192957705     
0010001300260U 060000000000000000000000000000000000000000000000000000000000000000000000075000000000000072100000000000000000000000000000000902201710022017            000000000000000                              000                           
0010001300261T 060180230000001544772 29577050246837154   788888888888889910022017000000000007500033043160888888888888899          0900000000000010000000000000000000000000000000000000000   000000000000000000000029000        170192957705     
0010001300262U 060000000000000000000000000000000000000000000000000000000000000000000000075000000000000072100000000000000000000000000000000902201710022017            000000000000000                              000                           
0010001300263T 170180230000001544772 29577050259918690   7               00000000000000000010000021000920                         0900000000000010000000000000000000000000000000000000000   000000000000000000000070003        170192957705     
0010001300264U 170000000000000000000000000000000000000000000000000000000000000000000000100000000000000093000000000000000000000000000000000902201710022017            000000000000000                              000                           
0010001300265T 060180230000001544772 29577050287018805   788888888888889911022017000000000010000237013370888888888888899          0900000000000010000000000000000000000000000000000000000   000000000000000000000029000        170192957705     
0010001300266U 060000000000000000000000000000000000000000000000000000000000000000000000100000000000000097100000000000000000000000000000000902201710022017            000000000000000                              000                           
0010001300267T 060180230000001544772 29577050295545787   788888888888889910022017000000000007500041008980888888888888899          0900000000000010000000000000000000000000000000000000000   000000000000000000000029000        170192957705     
0010001300268U 060000000000000000000000000000000000000000000000000000000000000000000000075000000000000072100000000000000000000000000000000902201710022017            000000000000000                              000                           
0010001300269T 170180230000001544772 29577050304954421   7               00000000000000000007500001042919                         0900000000000010000000000000000000000000000000000000000   000000000000000000000070003        170192957705     
0010001300270U 170000000000000000000000000000000000000000000000000000000000000000000000075000000000000068000000000000000000000000000000000902201710022017            000000000000000                              000                           
0010001300271T 060180230000001544772 29577050314546937   788888888888889911022017000000000007500341008700888888888888899          0900000000000010000000000000000000000000000000000000000   000000000000000000000029000        170192957705     
0010001300272U 060000000000000000000000000000000000000000000000000000000000000000000000075000000000000072100000000000000000000000000000000902201710022017            000000000000000                              000                           
0010001300273T 060180230000001544772 29577050331753718   788888888888889911022017000000000007500001004782888888888888899          0900000000000010000000000000000000000000000000000000000   000000000000000000000029000        170192957705     
0010001300274U 060000000000000000000000000000000000000000000000000000000000000000000000075000000000000072100000000000000000000000000000000902201710022017            000000000000000                              000                           
0010001300275T 060180230000001544772 29577050364252476   788888888888889909022017000000000010000237020910888888888888899          0900000000000010000000000000000000000000000000000000000   000000000000000000000029000        170192957705     
0010001300276U 060000000000000000000000000000000000000000000000000000000000000000000000100000000000000097100000000000000000000000000000000902201710022017            000000000000000                              000                           
0010001300277T 060180230000001544772 29577050368724484   788888888888889910022017000000000007500237012000888888888888899          0900000000000010000000000000000000000000000000000000000   000000000000000000000029000        170192957705     
0010001300278U 060000000000000000000000000000000000000000000000000000000000000000000000075000000000000072100000000000000000000000000000000902201710022017            000000000000000                              000                           
0010001300279T 170180230000001544772 29577050390508759   7               00000000000000000007500341087960                         0900000000000010000000000000000000000000000000000000000   000000000000000000000070003        170192957705     
0010001300280U 170000000000000000000000000000000000000000000000000000000000000000000000075000000000000068000000000000000000000000000000000902201710022017            000000000000000                              000                           
0010001300281T 060180230000001544772 29577050402152540   788888888888889910022017000000000007500341065090888888888888899          0900000000000010000000000000000000000000000000000000000   000000000000000000000029000        170192957705     
0010001300282U 060000000000000000000000000000000000000000000000000000000000000000000000075000000000000072100000000000000000000000000000000902201710022017            000000000000000                              000                           
0010001300283T 060180230000001544772 29577050428357570   788888888888889911022017000000000010000001037540888888888888899          0900000000000010000000000000000000000000000000000000000   000000000000000000000029000        170192957705     
0010001300284U 060000000000000000000000000000000000000000000000000000000000000000000000100000000000000097100000000000000000000000000000000902201710022017            000000000000000                              000                           
0010001300285T 060180230000001544772 29577050444515899   788888888888889909022017000000000007500756030100888888888888899          0900000000000010000000000000000000000000000000000000000   000000000000000000000029000        170192957705     
0010001300286U 060000000000000000000000000000000000000000000000000000000000000000000000075000000000000072100000000000000000000000000000000902201710022017            000000000000000                              000                           
0010001300287T 060180230000001544772 29577050444723049   788888888888889909022017000000000007500001034800888888888888899          0900000000000010000000000000000000000000000000000000000   000000000000000000000029000        170192957705     
0010001300288U 060000000000000000000000000000000000000000000000000000000000000000000000075000000000000072100000000000000000000000000000000902201710022017            000000000000000                              000                           
0010001300289T 060180230000001544772 29577050447431328   788888888888889911022017000000000007500104002490888888888888899          0900000000000010000000000000000000000000000000000000000   000000000000000000000029000        170192957705     
0010001300290U 060000000000000000000000000000000000000000000000000000000000000000000000075000000000000072100000000000000000000000000000000902201710022017            000000000000000                              000                           
0010001300291T 060180230000001544772 29577050448028797   788888888888889910022017000000000007500341042930888888888888899          0900000000000010000000000000000000000000000000000000000   000000000000000000000029000        170192957705     
0010001300292U 060000000000000000000000000000000000000000000000000000000000000000000000075000000000000072100000000000000000000000000000000902201710022017            000000000000000                              000                           
0010001300293T 060180230000001544772 29577050448147134   788888888888889910022017000000000007500001001120888888888888899          0900000000000010000000000000000000000000000000000000000   000000000000000000000029000        170192957705     
0010001300294U 060000000000000000000000000000000000000000000000000000000000000000000000075000000000000072100000000000000000000000000000000902201710022017            000000000000000                              000                           
0010001300295T 060180230000001544772 29577050453713275   78888888888888991002201700000000000750000103603X888888888888899          0900000000000010000000000000000000000000000000000000000   000000000000000000000029000        170192957705     
0010001300296U 060000000000000000000000000000000000000000000000000000000000000000000000075000000000000072100000000000000000000000000000000902201710022017            000000000000000                              000                           
0010001300297T 170180230000001544772 29577050455814154   7               00000000000000000007500033030410                         0900000000000010000000000000000000000000000000000000000   000000000000000000000070003        170192957705     
0010001300298U 170000000000000000000000000000000000000000000000000000000000000000000000075000000000000068000000000000000000000000000000000902201710022017            000000000000000                              000                           
0010001300299T 170180230000001544772 29577050457839090   7               00000000000000000007500021001240                         0900000000000010000000000000000000000000000000000000000   000000000000000000000070003        170192957705     
0010001300300U 170000000000000000000000000000000000000000000000000000000000000000000000075000000000000068000000000000000000000000000000000902201710022017            000000000000000                              000                           
0010001300301T 060180230000001544772 29577050458915233   788888888888889911022017000000000007500021001260888888888888899          0900000000000010000000000000000000000000000000000000000   000000000000000000000029000        170192957705     
0010001300302U 060000000000000000000000000000000000000000000000000000000000000000000000075000000000000072100000000000000000000000000000000902201710022017            000000000000000                              000                           
0010001300303T 170180230000001544772 29577050462643348   7               00000000000000000010000104005550                         0900000000000010000000000000000000000000000000000000000   000000000000000000000070003        170192957705     
0010001300304U 170000000000000000000000000000000000000000000000000000000000000000000000100000000000000093000000000000000000000000000000000902201710022017            000000000000000                              000                           
0010001300305T 060180230000001544772 29577050469215338   788888888888889911022017000000000007500104001670888888888888899          0900000000000010000000000000000000000000000000000000000   000000000000000000000029000        170192957705     
0010001300306U 060000000000000000000000000000000000000000000000000000000000000000000000075000000000000072100000000000000000000000000000000902201710022017            000000000000000                              000                           
0010001300307T 060180230000001544772 29577050469447015   788888888888889911022017000000000007500033033450888888888888899          0900000000000010000000000000000000000000000000000000000   000000000000000000000029000        170192957705     
0010001300308U 060000000000000000000000000000000000000000000000000000000000000000000000075000000000000072100000000000000000000000000000000902201710022017            000000000000000                              000                           
0010001300309T 060180230000001544772 29577050469642450   788888888888889911022017000000000007500001031305888888888888899          0900000000000010000000000000000000000000000000000000000   000000000000000000000029000        170192957705     
0010001300310U 060000000000000000000000000000000000000000000000000000000000000000000000075000000000000072100000000000000000000000000000000902201710022017            000000000000000                              000                           
0010001300311T 060180230000001544772 29577050470226044   788888888888889911022017000000000007500021000840888888888888899          0900000000000010000000000000000000000000000000000000000   000000000000000000000029000        170192957705     
0010001300312U 060000000000000000000000000000000000000000000000000000000000000000000000075000000000000072100000000000000000000000000000000902201710022017            000000000000000                              000                           
0010001300313T 280180230000001544772 29577050020731019   788888888888889910012017000000000007500001000000888888888888899          0900000000000000000000000000000000000000000000000000000   000000000000000000000005002        170192957705     
0010001300314U 280000000000000000000000000000000000000000000000000000000000000000000000000000000000000000000000000000000000000000000000000902201700000000            000000000000000                              000                           
0010001300315T 280180230000001544772 29577050091244650   788888888888889910012017000000000007500001000000888888888888899          0900000000000000000000000000000000000000000000000000000   000000000000000000000005002        170192957705     
0010001300316U 280000000000000000000000000000000000000000000000000000000000000000000000000000000000000000000000000000000000000000000000000902201700000000            000000000000000                              000                           
0010001300317T 280180230000001544772 29577050093620852   788888888888889910012017000000000007500001000000888888888888899          0900000000000000000000000000000000000000000000000000000   000000000000000000000005002        170192957705     
0010001300318U 280000000000000000000000000000000000000000000000000000000000000000000000000000000000000000000000000000000000000000000000000902201700000000            000000000000000                              000                           
0010001300319T 280180230000001544772 29577050102254805   788888888888889910012017000000000007500001000000888888888888899          0900000000000000000000000000000000000000000000000000000   000000000000000000000005002        170192957705     
0010001300320U 280000000000000000000000000000000000000000000000000000000000000000000000000000000000000000000000000000000000000000000000000902201700000000            000000000000000                              000                           
0010001300321T 280180230000001544772 29577050108204263   788888888888889910012017000000000007500001000000888888888888899          0900000000000000000000000000000000000000000000000000000   000000000000000000000005002        170192957705     
0010001300322U 280000000000000000000000000000000000000000000000000000000000000000000000000000000000000000000000000000000000000000000000000902201700000000            000000000000000                              000                           
0010001300323T 280180230000001544772 29577050119424258   788888888888889910012017000000000007500001000000888888888888899          0900000000000000000000000000000000000000000000000000000   000000000000000000000005002        170192957705     
0010001300324U 280000000000000000000000000000000000000000000000000000000000000000000000000000000000000000000000000000000000000000000000000902201700000000            000000000000000                              000                           
0010001300325T 280180230000001544772 29577050130509507   788888888888889910012017000000000007500001000000888888888888899          0900000000000000000000000000000000000000000000000000000   000000000000000000000005002        170192957705     
0010001300326U 280000000000000000000000000000000000000000000000000000000000000000000000000000000000000000000000000000000000000000000000000902201700000000            000000000000000                              000                           
0010001300327T 280180230000001544772 29577050130555193   788888888888889910012017000000000007500001000000888888888888899          0900000000000000000000000000000000000000000000000000000   000000000000000000000005002        170192957705     
0010001300328U 280000000000000000000000000000000000000000000000000000000000000000000000000000000000000000000000000000000000000000000000000902201700000000            000000000000000                              000                           
0010001300329T 280180230000001544772 29577050160311207   788888888888889910012017000000000007500001000000888888888888899          0900000000000000000000000000000000000000000000000000000   000000000000000000000005002        170192957705     
0010001300330U 280000000000000000000000000000000000000000000000000000000000000000000000000000000000000000000000000000000000000000000000000902201700000000            000000000000000                              000                           
0010001300331T 280180230000001544772 29577050160450883   788888888888889910012017000000000007500001000000888888888888899          0900000000000000000000000000000000000000000000000000000   000000000000000000000005002        170192957705     
0010001300332U 280000000000000000000000000000000000000000000000000000000000000000000000000000000000000000000000000000000000000000000000000902201700000000            000000000000000                              000                           
0010001300333T 280180230000001544772 29577050169855356   788888888888889910012017000000000007500001000000888888888888899          0900000000000000000000000000000000000000000000000000000   000000000000000000000005002        170192957705     
0010001300334U 280000000000000000000000000000000000000000000000000000000000000000000000000000000000000000000000000000000000000000000000000902201700000000            000000000000000                              000                           
0010001300335T 280180230000001544772 29577050169901770   788888888888889910012017000000000007500001000000888888888888899          0900000000000000000000000000000000000000000000000000000   000000000000000000000005002        170192957705     
0010001300336U 280000000000000000000000000000000000000000000000000000000000000000000000000000000000000000000000000000000000000000000000000902201700000000            000000000000000                              000                           
0010001300337T 280180230000001544772 29577050170106046   788888888888889910012017000000000007500001000000888888888888899          0900000000000000000000000000000000000000000000000000000   000000000000000000000005002        170192957705     
0010001300338U 280000000000000000000000000000000000000000000000000000000000000000000000000000000000000000000000000000000000000000000000000902201700000000            000000000000000                              000                           
0010001300339T 280180230000001544772 29577050170139606   788888888888889910012017000000000007500001000000888888888888899          0900000000000000000000000000000000000000000000000000000   000000000000000000000005002        170192957705     
0010001300340U 280000000000000000000000000000000000000000000000000000000000000000000000000000000000000000000000000000000000000000000000000902201700000000            000000000000000                              000                           
0010001300341T 280180230000001544772 29577050170255252   788888888888889910012017000000000007500001000000888888888888899          0900000000000000000000000000000000000000000000000000000   000000000000000000000005002        170192957705     
0010001300342U 280000000000000000000000000000000000000000000000000000000000000000000000000000000000000000000000000000000000000000000000000902201700000000            000000000000000                              000                           
0010001300343T 280180230000001544772 29577050170340388   788888888888889910012017000000000007500001000000888888888888899          0900000000000000000000000000000000000000000000000000000   000000000000000000000005002        170192957705     
0010001300344U 280000000000000000000000000000000000000000000000000000000000000000000000000000000000000000000000000000000000000000000000000902201700000000            000000000000000                              000                           
0010001300345T 280180230000001544772 29577050170418489   788888888888889910012017000000000007500001000000888888888888899          0900000000000000000000000000000000000000000000000000000   000000000000000000000005002        170192957705     
0010001300346U 280000000000000000000000000000000000000000000000000000000000000000000000000000000000000000000000000000000000000000000000000902201700000000            000000000000000                              000                           
0010001300347T 280180230000001544772 29577050170753698   788888888888889910012017000000000007500001000000888888888888899          0900000000000000000000000000000000000000000000000000000   000000000000000000000005002        170192957705     
0010001300348U 280000000000000000000000000000000000000000000000000000000000000000000000000000000000000000000000000000000000000000000000000902201700000000            000000000000000                              000                           
0010001300349T 280180230000001544772 29577050170951952   788888888888889910012017000000000007500001000000888888888888899          0900000000000000000000000000000000000000000000000000000   000000000000000000000005002        170192957705     
0010001300350U 280000000000000000000000000000000000000000000000000000000000000000000000000000000000000000000000000000000000000000000000000902201700000000            000000000000000                              000                           
0010001300351T 280180230000001544772 29577050171034828   788888888888889910012017000000000007500001000000888888888888899          0900000000000000000000000000000000000000000000000000000   000000000000000000000005002        170192957705     
0010001300352U 280000000000000000000000000000000000000000000000000000000000000000000000000000000000000000000000000000000000000000000000000902201700000000            000000000000000                              000                           
0010001300353T 280180230000001544772 29577050171158896   788888888888889910012017000000000007500001000000888888888888899          0900000000000000000000000000000000000000000000000000000   000000000000000000000005002        170192957705     
0010001300354U 280000000000000000000000000000000000000000000000000000000000000000000000000000000000000000000000000000000000000000000000000902201700000000            000000000000000                              000                           
0010001300355T 280180230000001544772 29577050171243865   788888888888889910012017000000000007500001000000888888888888899          0900000000000000000000000000000000000000000000000000000   000000000000000000000005002        170192957705     
0010001300356U 280000000000000000000000000000000000000000000000000000000000000000000000000000000000000000000000000000000000000000000000000902201700000000            000000000000000                              000                           
0010001300357T 280180230000001544772 29577050171330435   788888888888889910012017000000000007500001000000888888888888899          0900000000000000000000000000000000000000000000000000000   000000000000000000000005002        170192957705     
0010001300358U 280000000000000000000000000000000000000000000000000000000000000000000000000000000000000000000000000000000000000000000000000902201700000000            000000000000000                              000                           
0010001300359T 280180230000001544772 29577050171657352   788888888888889910012017000000000007500001000000888888888888899          0900000000000000000000000000000000000000000000000000000   000000000000000000000005002        170192957705     
0010001300360U 280000000000000000000000000000000000000000000000000000000000000000000000000000000000000000000000000000000000000000000000000902201700000000            000000000000000                              000                           
0010001300361T 280180230000001544772 29577050171730767   788888888888889910012017000000000007500001000000888888888888899          0900000000000000000000000000000000000000000000000000000   000000000000000000000005002        170192957705     
0010001300362U 280000000000000000000000000000000000000000000000000000000000000000000000000000000000000000000000000000000000000000000000000902201700000000            000000000000000                              000                           
0010001300363T 280180230000001544772 29577050171826530   788888888888889910012017000000000007500001000000888888888888899          0900000000000000000000000000000000000000000000000000000   000000000000000000000005002        170192957705     
0010001300364U 280000000000000000000000000000000000000000000000000000000000000000000000000000000000000000000000000000000000000000000000000902201700000000            000000000000000                              000                           
0010001300365T 280180230000001544772 29577050171927913   788888888888889910012017000000000007500001000000888888888888899          0900000000000000000000000000000000000000000000000000000   000000000000000000000005002        170192957705     
0010001300366U 280000000000000000000000000000000000000000000000000000000000000000000000000000000000000000000000000000000000000000000000000902201700000000            000000000000000                              000                           
0010001300367T 280180230000001544772 29577050172030073   788888888888889910012017000000000007500001000000888888888888899          0900000000000000000000000000000000000000000000000000000   000000000000000000000005002        170192957705     
0010001300368U 280000000000000000000000000000000000000000000000000000000000000000000000000000000000000000000000000000000000000000000000000902201700000000            000000000000000                              000                           
00100015         000370002904000000000222465000000000000000000000000000000000000000000000000000000000000000000000000000000000000000000000000000000                                                                                              
00199999         000001000372000000                                                                                                                                                            00000000000000000000000000000                    
