00100000         2247745860001000029577050014       0180230000001544772 INSTITUTO DE SELECAO E TECNOLOBANCO DO BRASIL                         22202201701285900010603000000515122941PROCESSAMEN                                                 
00100011T0100020 20247745860001000029577050014       0180230000001544772 INSTITUTO DE SELECAO E TECNOLO                                                                                000000002202201700000000  000000000                      
0010001300001T 020180230000001544772 29577050086921323   7               24022017000000000007500001000213                         0900000000000010000000000000000000000000000000000000000   0000000000000000000000000A9        170192957705     
0010001300002U 020000000000000000000000000000000000000000000000000000000000000000000000000000000000000000000000000000000000000000000000002202201700000000            000000000000000                              000                           
0010001300003T 020180230000001544772 29577050155241299   7               2402201700000000000750000103049X                         0900000000000010000000000000000000000000000000000000000   0000000000000000000000000A9        170192957705     
0010001300004U 020000000000000000000000000000000000000000000000000000000000000000000000000000000000000000000000000000000000000000000000002202201700000000            000000000000000                              000                           
0010001300005T 020180230000001544772 29577050206837892   7               24022017000000000007500001001945                         0900000000000010500000000000000000000000000000000000000   0000000000000000000000000A9A4      170192957705     
0010001300006U 020000000000000000000000000000000000000000000000000000000000000000000000000000000000000000000000000000000000000000000000002202201700000000            000000000000000                              000                           
0010001300007T 020180230000001544772 29577050206839247   7               24022017000000000007500001001945                         0900000000000010500000000000000000000000000000000000000   0000000000000000000000000A9A4      170192957705     
0010001300008U 020000000000000000000000000000000000000000000000000000000000000000000000000000000000000000000000000000000000000000000000002202201700000000            000000000000000                              000                           
0010001300009T 020180230000001544772 29577050218455451   7               24022017000000000007500001009245                         0900000000000010000000000000000000000000000000000000000   0000000000000000000000000A9        170192957705     
0010001300010U 020000000000000000000000000000000000000000000000000000000000000000000000000000000000000000000000000000000000000000000000002202201700000000            000000000000000                              000                           
0010001300011T 020180230000001544772 29577050218511132   7               24022017000000000007500001009245                         0900000000000010000000000000000000000000000000000000000   0000000000000000000000000A9        170192957705     
0010001300012U 020000000000000000000000000000000000000000000000000000000000000000000000000000000000000000000000000000000000000000000000002202201700000000            000000000000000                              000                           
0010001300013T 020180230000001544772 29577050274447438   7               2402201700000000000750000103049X                         0900000000000010500000000000000000000000000000000000000   0000000000000000000000000A9A4      170192957705     
0010001300014U 020000000000000000000000000000000000000000000000000000000000000000000000000000000000000000000000000000000000000000000000002202201700000000            000000000000000                              000                           
0010001300015T 020180230000001544772 29577050291200259   7               24022017000000000007500001012408                         0900000000000010000000000000000000000000000000000000000   0000000000000000000000000A9        170192957705     
0010001300016U 020000000000000000000000000000000000000000000000000000000000000000000000000000000000000000000000000000000000000000000000002202201700000000            000000000000000                              000                           
0010001300017T 020180230000001544772 29577050386925431   7               24022017000000000007500001008028                         0900000000000010000000000000000000000000000000000000000   0000000000000000000000000A9        170192957705     
0010001300018U 020000000000000000000000000000000000000000000000000000000000000000000000000000000000000000000000000000000000000000000000002202201700000000            000000000000000                              000                           
0010001300019T 020180230000001544772 29577050415053717   7               24022017000000000007500001012416                         0900000000000010000000000000000000000000000000000000000   0000000000000000000000000A9        170192957705     
0010001300020U 020000000000000000000000000000000000000000000000000000000000000000000000000000000000000000000000000000000000000000000000002202201700000000            000000000000000                              000                           
0010001300021T 020180230000001544772 29577050420424764   7               24022017000000000007500001000213                         0900000000000010000000000000000000000000000000000000000   0000000000000000000000000A9        170192957705     
0010001300022U 020000000000000000000000000000000000000000000000000000000000000000000000000000000000000000000000000000000000000000000000002202201700000000            000000000000000                              000                           
0010001300023T 020180230000001544772 29577050439146090   7               24022017000000000010000001012408                         0900000000000010000000000000000000000000000000000000000   0000000000000000000000000A9        170192957705     
0010001300024U 020000000000000000000000000000000000000000000000000000000000000000000000000000000000000000000000000000000000000000000000002202201700000000            000000000000000                              000                           
0010001300025T 020180230000001544772 29577050499833806   7               24022017000000000007500001000213                         0900000000000010000000000000000000000000000000000000000   0000000000000000000000000A9        170192957705     
0010001300026U 020000000000000000000000000000000000000000000000000000000000000000000000000000000000000000000000000000000000000000000000002202201700000000            000000000000000                              000                           
0010001300027T 020180230000001544772 29577050510625966   7               24022017000000000007500001012408                         0900000000000010000000000000000000000000000000000000000   0000000000000000000000000A9        170192957705     
0010001300028U 020000000000000000000000000000000000000000000000000000000000000000000000000000000000000000000000000000000000000000000000002202201700000000            000000000000000                              000                           
0010001300029T 020180230000001544772 29577050539558564   7               2402201700000000000750000103049X                         0900000000000010000000000000000000000000000000000000000   0000000000000000000000000A9        170192957705     
0010001300030U 020000000000000000000000000000000000000000000000000000000000000000000000000000000000000000000000000000000000000000000000002202201700000000            000000000000000                              000                           
0010001300031T 020180230000001544772 29577050725545833   7               24022017000000000007500001000213                         0900000000000010000000000000000000000000000000000000000   0000000000000000000000000A9        170192957705     
0010001300032U 020000000000000000000000000000000000000000000000000000000000000000000000000000000000000000000000000000000000000000000000002202201700000000            000000000000000                              000                           
0010001300033T 020180230000001544772 29577050725601669   7               24022017000000000007500001000213                         0900000000000010000000000000000000000000000000000000000   0000000000000000000000000A9        170192957705     
0010001300034U 020000000000000000000000000000000000000000000000000000000000000000000000000000000000000000000000000000000000000000000000002202201700000000            000000000000000                              000                           
0010001300035T 020180230000001544772 29577050725709615   7               24022017000000000007500001000213                         0900000000000010000000000000000000000000000000000000000   0000000000000000000000000A9        170192957705     
0010001300036U 020000000000000000000000000000000000000000000000000000000000000000000000000000000000000000000000000000000000000000000000002202201700000000            000000000000000                              000                           
0010001300037T 020180230000001544772 29577050778144366   7               24022017000000000007500001000213                         0900000000000010000000000000000000000000000000000000000   0000000000000000000000000A9        170192957705     
0010001300038U 020000000000000000000000000000000000000000000000000000000000000000000000000000000000000000000000000000000000000000000000002202201700000000            000000000000000                              000                           
0010001300039T 020180230000001544772 29577050821458959   7               24022017000000000007500001000213                         0900000000000010000000000000000000000000000000000000000   0000000000000000000000000A9        170192957705     
0010001300040U 020000000000000000000000000000000000000000000000000000000000000000000000000000000000000000000000000000000000000000000000002202201700000000            000000000000000                              000                           
0010001300041T 020180230000001544772 29577050822437358   7               24022017000000000007500001000213                         0900000000000010000000000000000000000000000000000000000   0000000000000000000000000A9        170192957705     
0010001300042U 020000000000000000000000000000000000000000000000000000000000000000000000000000000000000000000000000000000000000000000000002202201700000000            000000000000000                              000                           
0010001300043T 020180230000001544772 29577050863600745   7               23022017000000000007500001012408                         0900000000000010000000000000000000000000000000000000000   0000000000000000000000000A9        170192957705     
0010001300044U 020000000000000000000000000000000000000000000000000000000000000000000000000000000000000000000000000000000000000000000000002102201700000000            000000000000000                              000                           
0010001300045T 020180230000001544772 29577050863839025   7               23022017000000000007500001012408                         0900000000000010000000000000000000000000000000000000000   0000000000000000000000000A9        170192957705     
0010001300046U 020000000000000000000000000000000000000000000000000000000000000000000000000000000000000000000000000000000000000000000000002102201700000000            000000000000000                              000                           
0010001300047T 020180230000001544772 29577050864213235   7               23022017000000000010000001012211                         0900000000000010000000000000000000000000000000000000000   0000000000000000000000000A9        170192957705     
0010001300048U 020000000000000000000000000000000000000000000000000000000000000000000000000000000000000000000000000000000000000000000000002102201700000000            000000000000000                              000                           
0010001300049T 020180230000001544772 29577050865500198   7               2402201700000000000750000101981X                         0900000000000010000000000000000000000000000000000000000   0000000000000000000000000A9        170192957705     
0010001300050U 020000000000000000000000000000000000000000000000000000000000000000000000000000000000000000000000000000000000000000000000002202201700000000            000000000000000                              000                           
0010001300051T 020180230000001544772 29577050868146317   7               24022017000000000007500001012408                         0900000000000010000000000000000000000000000000000000000   0000000000000000000000000A9        170192957705     
0010001300052U 020000000000000000000000000000000000000000000000000000000000000000000000000000000000000000000000000000000000000000000000002202201700000000            000000000000000                              000                           
0010001300053T 020180230000001544772 29577050868241118   7               24022017000000000007500001012408                         0900000000000010000000000000000000000000000000000000000   0000000000000000000000000A9        170192957705     
0010001300054U 020000000000000000000000000000000000000000000000000000000000000000000000000000000000000000000000000000000000000000000000002202201700000000            000000000000000                              000                           
0010001300055T 020180230000001544772 29577050869646815   7               2402201700000000000750000100166X                         0900000000000010000000000000000000000000000000000000000   0000000000000000000000000A9        170192957705     
0010001300056U 020000000000000000000000000000000000000000000000000000000000000000000000000000000000000000000000000000000000000000000000002202201700000000            000000000000000                              000                           
0010001300057T 020180230000001544772 29577050869719598   7               24022017000000000007500001012408                         0900000000000010000000000000000000000000000000000000000   0000000000000000000000000A9        170192957705     
0010001300058U 020000000000000000000000000000000000000000000000000000000000000000000000000000000000000000000000000000000000000000000000002202201700000000            000000000000000                              000                           
0010001300059T 020180230000001544772 29577050870023928   7               24022017000000000010000001035297                         0900000000000010000000000000000000000000000000000000000   0000000000000000000000000A9        170192957705     
0010001300060U 020000000000000000000000000000000000000000000000000000000000000000000000000000000000000000000000000000000000000000000000002202201700000000            000000000000000                              000                           
0010001300061T 020180230000001544772 29577050870848435   7               24022017000000000007500001009245                         0900000000000010000000000000000000000000000000000000000   0000000000000000000000000A9        170192957705     
0010001300062U 020000000000000000000000000000000000000000000000000000000000000000000000000000000000000000000000000000000000000000000000002202201700000000            000000000000000                              000                           
0010001300063T 020180230000001544772 29577050871104910   7               24022017000000000007500001000213                         0900000000000010000000000000000000000000000000000000000   0000000000000000000000000A9        170192957705     
0010001300064U 020000000000000000000000000000000000000000000000000000000000000000000000000000000000000000000000000000000000000000000000002202201700000000            000000000000000                              000                           
0010001300065T 020180230000001544772 29577050871113299   7               24022017000000000007500001000213                         0900000000000010000000000000000000000000000000000000000   0000000000000000000000000A9        170192957705     
0010001300066U 020000000000000000000000000000000000000000000000000000000000000000000000000000000000000000000000000000000000000000000000002202201700000000            000000000000000                              000                           
0010001300067T 020180230000001544772 29577050871147467   7               24022017000000000007500001000213                         0900000000000010000000000000000000000000000000000000000   0000000000000000000000000A9        170192957705     
0010001300068U 020000000000000000000000000000000000000000000000000000000000000000000000000000000000000000000000000000000000000000000000002202201700000000            000000000000000                              000                           
0010001300069T 020180230000001544772 29577050871147909   7               24022017000000000007500001000213                         0900000000000010000000000000000000000000000000000000000   0000000000000000000000000A9        170192957705     
0010001300070U 020000000000000000000000000000000000000000000000000000000000000000000000000000000000000000000000000000000000000000000000002202201700000000            000000000000000                              000                           
0010001300071T 020180230000001544772 29577050871157147   7               24022017000000000007500001000213                         0900000000000010000000000000000000000000000000000000000   0000000000000000000000000A9        170192957705     
0010001300072U 020000000000000000000000000000000000000000000000000000000000000000000000000000000000000000000000000000000000000000000000002202201700000000            000000000000000                              000                           
0010001300073T 020180230000001544772 29577050871201728   7               24022017000000000010000001000744                         0900000000000010000000000000000000000000000000000000000   0000000000000000000000000A9        170192957705     
0010001300074U 020000000000000000000000000000000000000000000000000000000000000000000000000000000000000000000000000000000000000000000000002202201700000000            000000000000000                              000                           
0010001300075T 020180230000001544772 29577050871417512   7               24022017000000000007500001000213                         0900000000000010000000000000000000000000000000000000000   0000000000000000000000000A9        170192957705     
0010001300076U 020000000000000000000000000000000000000000000000000000000000000000000000000000000000000000000000000000000000000000000000002202201700000000            000000000000000                              000                           
0010001300077T 020180230000001544772 29577050871824227   7               2402201700000000000750000103049X                         0900000000000010000000000000000000000000000000000000000   0000000000000000000000000A9        170192957705     
0010001300078U 020000000000000000000000000000000000000000000000000000000000000000000000000000000000000000000000000000000000000000000000002202201700000000            000000000000000                              000                           
0010001300079T 020180230000001544772 29577050872335778   7               24022017000000000007500001012408                         0900000000000010000000000000000000000000000000000000000   0000000000000000000000000A9        170192957705     
0010001300080U 020000000000000000000000000000000000000000000000000000000000000000000000000000000000000000000000000000000000000000000000002202201700000000            000000000000000                              000                           
0010001300081T 020180230000001544772 29577050872348934   7               24022017000000000007500001012408                         0900000000000010000000000000000000000000000000000000000   0000000000000000000000000A9        170192957705     
0010001300082U 020000000000000000000000000000000000000000000000000000000000000000000000000000000000000000000000000000000000000000000000002202201700000000            000000000000000                              000                           
0010001300083T 020180230000001544772 29577050872741834   7               24022017000000000007500001000213                         0900000000000010000000000000000000000000000000000000000   0000000000000000000000000A9        170192957705     
0010001300084U 020000000000000000000000000000000000000000000000000000000000000000000000000000000000000000000000000000000000000000000000002202201700000000            000000000000000                              000                           
0010001300085T 020180230000001544772 29577050874101418   7               2402201700000000000750000103049X                         0900000000000010000000000000000000000000000000000000000   0000000000000000000000000A9        170192957705     
0010001300086U 020000000000000000000000000000000000000000000000000000000000000000000000000000000000000000000000000000000000000000000000002202201700000000            000000000000000                              000                           
0010001300087T 020180230000001544772 29577050874208603   7               24022017000000000007500001000213                         0900000000000010000000000000000000000000000000000000000   0000000000000000000000000A9        170192957705     
0010001300088U 020000000000000000000000000000000000000000000000000000000000000000000000000000000000000000000000000000000000000000000000002202201700000000            000000000000000                              000                           
0010001300089T 020180230000001544772 29577050874337023   7               24022017000000000007500001000213                         0900000000000010000000000000000000000000000000000000000   0000000000000000000000000A9        170192957705     
0010001300090U 020000000000000000000000000000000000000000000000000000000000000000000000000000000000000000000000000000000000000000000000002202201700000000            000000000000000                              000                           
0010001300091T 020180230000001544772 29577050874427968   7               24022017000000000007500001012408                         0900000000000010000000000000000000000000000000000000000   0000000000000000000000000A9        170192957705     
0010001300092U 020000000000000000000000000000000000000000000000000000000000000000000000000000000000000000000000000000000000000000000000002202201700000000            000000000000000                              000                           
0010001300093T 020180230000001544772 29577050874843466   7               24022017000000000007500001012998                         0900000000000010000000000000000000000000000000000000000   0000000000000000000000000A9        170192957705     
0010001300094U 020000000000000000000000000000000000000000000000000000000000000000000000000000000000000000000000000000000000000000000000002202201700000000            000000000000000                              000                           
0010001300095T 020180230000001544772 29577050875403680   7               24022017000000000007500001012408                         0900000000000010000000000000000000000000000000000000000   0000000000000000000000000A9        170192957705     
0010001300096U 020000000000000000000000000000000000000000000000000000000000000000000000000000000000000000000000000000000000000000000000002202201700000000            000000000000000                              000                           
0010001300097T 020180230000001544772 29577050875435778   7               24022017000000000007500001012408                         0900000000000010000000000000000000000000000000000000000   0000000000000000000000000A9        170192957705     
0010001300098U 020000000000000000000000000000000000000000000000000000000000000000000000000000000000000000000000000000000000000000000000002202201700000000            000000000000000                              000                           
0010001300099T 020180230000001544772 29577050875447400   7               24022017000000000007500001012408                         0900000000000010000000000000000000000000000000000000000   0000000000000000000000000A9        170192957705     
0010001300100U 020000000000000000000000000000000000000000000000000000000000000000000000000000000000000000000000000000000000000000000000002202201700000000            000000000000000                              000                           
0010001300101T 020180230000001544772 29577050875616977   7               2402201700000000000750000103049X                         0900000000000010000000000000000000000000000000000000000   0000000000000000000000000A9        170192957705     
0010001300102U 020000000000000000000000000000000000000000000000000000000000000000000000000000000000000000000000000000000000000000000000002202201700000000            000000000000000                              000                           
0010001300103T 020180230000001544772 29577050877106078   7               24022017000000000007500001012416                         0900000000000010000000000000000000000000000000000000000   0000000000000000000000000A9        170192957705     
0010001300104U 020000000000000000000000000000000000000000000000000000000000000000000000000000000000000000000000000000000000000000000000002202201700000000            000000000000000                              000                           
0010001300105T 020180230000001544772 29577050877110080   7               24022017000000000007500001012416                         0900000000000010000000000000000000000000000000000000000   0000000000000000000000000A9        170192957705     
0010001300106U 020000000000000000000000000000000000000000000000000000000000000000000000000000000000000000000000000000000000000000000000002202201700000000            000000000000000                              000                           
0010001300107T 020180230000001544772 29577050877519436   7               24022017000000000007500001012408                         0900000000000010000000000000000000000000000000000000000   0000000000000000000000000A9        170192957705     
0010001300108U 020000000000000000000000000000000000000000000000000000000000000000000000000000000000000000000000000000000000000000000000002202201700000000            000000000000000                              000                           
0010001300109T 020180230000001544772 29577050878300056   7               24022017000000000007500001000213                         0900000000000010000000000000000000000000000000000000000   0000000000000000000000000A9        170192957705     
0010001300110U 020000000000000000000000000000000000000000000000000000000000000000000000000000000000000000000000000000000000000000000000002202201700000000            000000000000000                              000                           
0010001300111T 020180230000001544772 29577050878315055   7               24022017000000000007500001000213                         0900000000000010000000000000000000000000000000000000000   0000000000000000000000000A9        170192957705     
0010001300112U 020000000000000000000000000000000000000000000000000000000000000000000000000000000000000000000000000000000000000000000000002202201700000000            000000000000000                              000                           
0010001300113T 020180230000001544772 29577050878933784   7               24022017000000000010000001000213                         0900000000000010000000000000000000000000000000000000000   0000000000000000000000000A9        170192957705     
0010001300114U 020000000000000000000000000000000000000000000000000000000000000000000000000000000000000000000000000000000000000000000000002202201700000000            000000000000000                              000                           
0010001300115T 020180230000001544772 29577050879420737   7               24022017000000000007500001004154                         0900000000000010500000000000000000000000000000000000000   0000000000000000000000000A9A4      170192957705     
0010001300116U 020000000000000000000000000000000000000000000000000000000000000000000000000000000000000000000000000000000000000000000000002202201700000000            000000000000000                              000                           
0010001300117T 020180230000001544772 29577050880527596   7               24022017000000000007500001012408                         0900000000000010500000000000000000000000000000000000000   0000000000000000000000000A9A4      170192957705     
0010001300118U 020000000000000000000000000000000000000000000000000000000000000000000000000000000000000000000000000000000000000000000000002202201700000000            000000000000000                              000                           
0010001300119T 020180230000001544772 29577050881821982   7               24022017000000000007500001012416                         0900000000000010500000000000000000000000000000000000000   0000000000000000000000000A9A4      170192957705     
0010001300120U 020000000000000000000000000000000000000000000000000000000000000000000000000000000000000000000000000000000000000000000000002202201700000000            000000000000000                              000                           
0010001300121T 020180230000001544772 29577050882150362   7               24022017000000000007500001004782                         0900000000000010000000000000000000000000000000000000000   0000000000000000000000000A9        170192957705     
0010001300122U 020000000000000000000000000000000000000000000000000000000000000000000000000000000000000000000000000000000000000000000000002202201700000000            000000000000000                              000                           
0010001300123T 020180230000001544772 29577050883141416   7               2402201700000000000750000103049X                         0900000000000010000000000000000000000000000000000000000   0000000000000000000000000A9        170192957705     
0010001300124U 020000000000000000000000000000000000000000000000000000000000000000000000000000000000000000000000000000000000000000000000002202201700000000            000000000000000                              000                           
0010001300125T 020180230000001544772 29577050884455448   7               24022017000000000007500001004782                         0900000000000010000000000000000000000000000000000000000   0000000000000000000000000A9        170192957705     
0010001300126U 020000000000000000000000000000000000000000000000000000000000000000000000000000000000000000000000000000000000000000000000002202201700000000            000000000000000                              000                           
0010001300127T 020180230000001544772 29577050885010348   7               24022017000000000007500001004782                         0900000000000010000000000000000000000000000000000000000   0000000000000000000000000A9        170192957705     
0010001300128U 020000000000000000000000000000000000000000000000000000000000000000000000000000000000000000000000000000000000000000000000002202201700000000            000000000000000                              000                           
0010001300129T 020180230000001544772 29577050885230123   7               2402201700000000000750000103049X                         0900000000000010000000000000000000000000000000000000000   0000000000000000000000000A9        170192957705     
0010001300130U 020000000000000000000000000000000000000000000000000000000000000000000000000000000000000000000000000000000000000000000000002202201700000000            000000000000000                              000                           
0010001300131T 020180230000001544772 29577050886016149   7               2402201700000000000750000103049X                         0900000000000010000000000000000000000000000000000000000   0000000000000000000000000A9        170192957705     
0010001300132U 020000000000000000000000000000000000000000000000000000000000000000000000000000000000000000000000000000000000000000000000002202201700000000            000000000000000                              000                           
0010001300133T 020180230000001544772 29577050886622888   7               2402201700000000000750000103049X                         0900000000000010000000000000000000000000000000000000000   0000000000000000000000000A9        170192957705     
0010001300134U 020000000000000000000000000000000000000000000000000000000000000000000000000000000000000000000000000000000000000000000000002202201700000000            000000000000000                              000                           
0010001300135T 060180230000001544772 29577050283106105   7               22022017000000000007500104015640                         0900000000000010000000000000000000000000000000000000000   000000000000000000000029000        170192957705     
0010001300136U 060000000000000000000000000000000000000000000000000000000000000000000000075000000000000072100000000000000000000000000000002202201723022017            000000000000000                              000                           
0010001300137T 060180230000001544772 29577050495934532   7               22022017000000000007500021000440                         0900000000000010000000000000000000000000000000000000000   000000000000000000000029000        170192957705     
0010001300138U 060000000000000000000000000000000000000000000000000000000000000000000000075000000000000072100000000000000000000000000000002202201723022017            000000000000000                              000                           
0010001300139T 060180230000001544772 29577050794702336   7               22022017000000000007500237018950                         0900000000000010000000000000000000000000000000000000000   000000000000000000000029000        170192957705     
0010001300140U 060000000000000000000000000000000000000000000000000000000000000000000000075000000000000072100000000000000000000000000000002202201723022017            000000000000000                              000                           
0010001300141T 060180230000001544772 29577050794831017   7               22022017000000000007500341086660                         0900000000000010000000000000000000000000000000000000000   000000000000000000000029000        170192957705     
0010001300142U 060000000000000000000000000000000000000000000000000000000000000000000000075000000000000072100000000000000000000000000000002202201723022017            000000000000000                              000                           
0010001300143T 060180230000001544772 29577050800206946   7               22022017000000000007500021001070                         0900000000000010000000000000000000000000000000000000000   000000000000000000000029000        170192957705     
0010001300144U 060000000000000000000000000000000000000000000000000000000000000000000000075000000000000072100000000000000000000000000000002202201723022017            000000000000000                              000                           
0010001300145T 060180230000001544772 29577050842747766   7               23022017000000000007500341087960                         0900000000000010000000000000000000000000000000000000000   000000000000000000000029000        170192957705     
0010001300146U 060000000000000000000000000000000000000000000000000000000000000000000000075000000000000072100000000000000000000000000000002202201723022017            000000000000000                              000                           
0010001300147T 060180230000001544772 29577050862628322   7               23022017000000000007500104037790                         0900000000000010000000000000000000000000000000000000000   000000000000000000000029000        170192957705     
0010001300148U 060000000000000000000000000000000000000000000000000000000000000000000000075000000000000072100000000000000000000000000000002202201723022017            000000000000000                              000                           
0010001300149T 060180230000001544772 29577050864213235   7               23022017000000000010000237065380                         0900000000000010000000000000000000000000000000000000000   000000000000000000000029000        170192957705     
0010001300150U 060000000000000000000000000000000000000000000000000000000000000000000000100000000000000097100000000000000000000000000000002202201723022017            000000000000000                              000                           
0010001300151T 280180230000001544772 29577050013424149   7134619         24122016000000000007500001000000134619                   0900000000000000000000000000000000000000000000000000000   000000000000000000000005002        170192957705     
0010001300152U 280000000000000000000000000000000000000000000000000000000000000000000000000000000000000000000000000000000000000000000000002202201700000000            000000000000000                              000                           
0010001300153T 280180230000001544772 29577050017416623   7174237         24122016000000000007500001000000174237                   0900000000000000000000000000000000000000000000000000000   000000000000000000000005002        170192957705     
0010001300154U 280000000000000000000000000000000000000000000000000000000000000000000000000000000000000000000000000000000000000000000000002202201700000000            000000000000000                              000                           
0010001300155T 280180230000001544772 29577050027948865   7279006         24122016000000000007500001000000279006                   0900000000000000000000000000000000000000000000000000000   000000000000000000000005002        170192957705     
0010001300156U 280000000000000000000000000000000000000000000000000000000000000000000000000000000000000000000000000000000000000000000000002202201700000000            000000000000000                              000                           
0010001300157T 280180230000001544772 29577050028039965   7280358         24122016000000000007500001000000280358                   0900000000000000000000000000000000000000000000000000000   000000000000000000000005002        170192957705     
0010001300158U 280000000000000000000000000000000000000000000000000000000000000000000000000000000000000000000000000000000000000000000000002202201700000000            000000000000000                              000                           
0010001300159T 280180230000001544772 29577050028350178   7283775         24122016000000000007500001000000283775                   0900000000000000000000000000000000000000000000000000000   000000000000000000000005002        170192957705     
0010001300160U 280000000000000000000000000000000000000000000000000000000000000000000000000000000000000000000000000000000000000000000000002202201700000000            000000000000000                              000                           
0010001300161T 280180230000001544772 29577050028727571   7287502         24122016000000000010000001000000287502                   0900000000000000000000000000000000000000000000000000000   000000000000000000000005002        170192957705     
0010001300162U 280000000000000000000000000000000000000000000000000000000000000000000000000000000000000000000000000000000000000000000000002202201700000000            000000000000000                              000                           
0010001300163T 280180230000001544772 29577050029056302   7290999         24122016000000000010000001000000290999                   0900000000000000000000000000000000000000000000000000000   000000000000000000000005002        170192957705     
0010001300164U 280000000000000000000000000000000000000000000000000000000000000000000000000000000000000000000000000000000000000000000000002202201700000000            000000000000000                              000                           
0010001300165T 280180230000001544772 29577050029238075   7292183         24122016000000000007500001000000292183                   0900000000000000000000000000000000000000000000000000000   000000000000000000000005002        170192957705     
0010001300166U 280000000000000000000000000000000000000000000000000000000000000000000000000000000000000000000000000000000000000000000000002202201700000000            000000000000000                              000                           
0010001300167T 280180230000001544772 29577050029320674   7293450         24122016000000000007500001000000293450                   0900000000000000000000000000000000000000000000000000000   000000000000000000000005002        170192957705     
0010001300168U 280000000000000000000000000000000000000000000000000000000000000000000000000000000000000000000000000000000000000000000000002202201700000000            000000000000000                              000                           
0010001300169T 280180230000001544772 29577050029513396   7295615         24122016000000000007500001000000295615                   0900000000000000000000000000000000000000000000000000000   000000000000000000000005002        170192957705     
0010001300170U 280000000000000000000000000000000000000000000000000000000000000000000000000000000000000000000000000000000000000000000000002202201700000000            000000000000000                              000                           
0010001300171T 280180230000001544772 29577050029651338   7296377         24122016000000000010000001000000296377                   0900000000000000000000000000000000000000000000000000000   000000000000000000000005002        170192957705     
0010001300172U 280000000000000000000000000000000000000000000000000000000000000000000000000000000000000000000000000000000000000000000000002202201700000000            000000000000000                              000                           
0010001300173T 280180230000001544772 29577050029701036   7297084         24122016000000000007500001000000297084                   0900000000000000000000000000000000000000000000000000000   000000000000000000000005002        170192957705     
0010001300174U 280000000000000000000000000000000000000000000000000000000000000000000000000000000000000000000000000000000000000000000000002202201700000000            000000000000000                              000                           
0010001300175T 280180230000001544772 29577050029715169   7297631         24122016000000000007500001000000297631                   0900000000000000000000000000000000000000000000000000000   000000000000000000000005002        170192957705     
0010001300176U 280000000000000000000000000000000000000000000000000000000000000000000000000000000000000000000000000000000000000000000000002202201700000000            000000000000000                              000                           
0010001300177T 280180230000001544772 29577050029832838   7298988         24122016000000000007500001000000298988                   0900000000000000000000000000000000000000000000000000000   000000000000000000000005002        170192957705     
0010001300178U 280000000000000000000000000000000000000000000000000000000000000000000000000000000000000000000000000000000000000000000000002202201700000000            000000000000000                              000                           
0010001300179T 280180230000001544772 29577050029906527   7299004         24122016000000000007500001000000299004                   0900000000000000000000000000000000000000000000000000000   000000000000000000000005002        170192957705     
0010001300180U 280000000000000000000000000000000000000000000000000000000000000000000000000000000000000000000000000000000000000000000000002202201700000000            000000000000000                              000                           
0010001300181T 280180230000001544772 29577050030116427   7301382         24122016000000000007500001000000301382                   0900000000000000000000000000000000000000000000000000000   000000000000000000000005002        170192957705     
0010001300182U 280000000000000000000000000000000000000000000000000000000000000000000000000000000000000000000000000000000000000000000000002202201700000000            000000000000000                              000                           
0010001300183T 280180230000001544772 29577050030211929   7302623         24122016000000000010000001000000302623                   0900000000000000000000000000000000000000000000000000000   000000000000000000000005002        170192957705     
0010001300184U 280000000000000000000000000000000000000000000000000000000000000000000000000000000000000000000000000000000000000000000000002202201700000000            000000000000000                              000                           
0010001300185T 280180230000001544772 29577050030354462   7303263         24122016000000000007500001000000303263                   0900000000000000000000000000000000000000000000000000000   000000000000000000000005002        170192957705     
0010001300186U 280000000000000000000000000000000000000000000000000000000000000000000000000000000000000000000000000000000000000000000000002202201700000000            000000000000000                              000                           
0010001300187T 280180230000001544772 29577050030404975   7304864         24122016000000000007500001000000304864                   0900000000000000000000000000000000000000000000000000000   000000000000000000000005002        170192957705     
0010001300188U 280000000000000000000000000000000000000000000000000000000000000000000000000000000000000000000000000000000000000000000000002202201700000000            000000000000000                              000                           
0010001300189T 280180230000001544772 29577050030556067   7305925         24122016000000000007500001000000305925                   0900000000000000000000000000000000000000000000000000000   000000000000000000000005002        170192957705     
0010001300190U 280000000000000000000000000000000000000000000000000000000000000000000000000000000000000000000000000000000000000000000000002202201700000000            000000000000000                              000                           
0010001300191T 280180230000001544772 29577050030957259   7309523         24122016000000000007500001000000309523                   0900000000000000000000000000000000000000000000000000000   000000000000000000000005002        170192957705     
0010001300192U 280000000000000000000000000000000000000000000000000000000000000000000000000000000000000000000000000000000000000000000000002202201700000000            000000000000000                              000                           
0010001300193T 280180230000001544772 29577050080822563   788888888888889923012017000000000007500001000000888888888888899          0900000000000000000000000000000000000000000000000000000   000000000000000000000005002        170192957705     
0010001300194U 280000000000000000000000000000000000000000000000000000000000000000000000000000000000000000000000000000000000000000000000002202201700000000            000000000000000                              000                           
0010001300195T 280180230000001544772 29577050122542229   788888888888889923012017000000000007500001000000888888888888899          0900000000000000000000000000000000000000000000000000000   000000000000000000000005002        170192957705     
0010001300196U 280000000000000000000000000000000000000000000000000000000000000000000000000000000000000000000000000000000000000000000000002202201700000000            000000000000000                              000                           
0010001300197T 280180230000001544772 29577050135703796   788888888888889923012017000000000007500001000000888888888888899          0900000000000000000000000000000000000000000000000000000   000000000000000000000005002        170192957705     
0010001300198U 280000000000000000000000000000000000000000000000000000000000000000000000000000000000000000000000000000000000000000000000002202201700000000            000000000000000                              000                           
0010001300199T 280180230000001544772 29577050135704133   788888888888889923012017000000000007500001000000888888888888899          0900000000000000000000000000000000000000000000000000000   000000000000000000000005002        170192957705     
0010001300200U 280000000000000000000000000000000000000000000000000000000000000000000000000000000000000000000000000000000000000000000000002202201700000000            000000000000000                              000                           
0010001300201T 280180230000001544772 29577050135740183   788888888888889923012017000000000007500001000000888888888888899          0900000000000000000000000000000000000000000000000000000   000000000000000000000005002        170192957705     
0010001300202U 280000000000000000000000000000000000000000000000000000000000000000000000000000000000000000000000000000000000000000000000002202201700000000            000000000000000                              000                           
0010001300203T 280180230000001544772 29577050135744089   788888888888889923012017000000000007500001000000888888888888899          0900000000000000000000000000000000000000000000000000000   000000000000000000000005002        170192957705     
0010001300204U 280000000000000000000000000000000000000000000000000000000000000000000000000000000000000000000000000000000000000000000000002202201700000000            000000000000000                              000                           
0010001300205T 280180230000001544772 29577050135754614   788888888888889923012017000000000007500001000000888888888888899          0900000000000000000000000000000000000000000000000000000   000000000000000000000005002        170192957705     
0010001300206U 280000000000000000000000000000000000000000000000000000000000000000000000000000000000000000000000000000000000000000000000002202201700000000            000000000000000                              000                           
0010001300207T 280180230000001544772 29577050190413878   788888888888889923012017000000000007500001000000888888888888899          0900000000000000000000000000000000000000000000000000000   000000000000000000000005002        170192957705     
0010001300208U 280000000000000000000000000000000000000000000000000000000000000000000000000000000000000000000000000000000000000000000000002202201700000000            000000000000000                              000                           
0010001300209T 280180230000001544772 29577050241037299   788888888888889923012017000000000007500001000000888888888888899          0900000000000000000000000000000000000000000000000000000   000000000000000000000005002        170192957705     
0010001300210U 280000000000000000000000000000000000000000000000000000000000000000000000000000000000000000000000000000000000000000000000002202201700000000            000000000000000                              000                           
0010001300211T 280180230000001544772 29577050255429978   788888888888889923012017000000000007500001000000888888888888899          0900000000000000000000000000000000000000000000000000000   000000000000000000000005002        170192957705     
0010001300212U 280000000000000000000000000000000000000000000000000000000000000000000000000000000000000000000000000000000000000000000000002202201700000000            000000000000000                              000                           
0010001300213T 280180230000001544772 29577050257228404   788888888888889923012017000000000007500001000000888888888888899          0900000000000000000000000000000000000000000000000000000   000000000000000000000005002        170192957705     
0010001300214U 280000000000000000000000000000000000000000000000000000000000000000000000000000000000000000000000000000000000000000000000002202201700000000            000000000000000                              000                           
0010001300215T 280180230000001544772 29577050258039223   788888888888889923012017000000000007500001000000888888888888899          0900000000000000000000000000000000000000000000000000000   000000000000000000000005002        170192957705     
0010001300216U 280000000000000000000000000000000000000000000000000000000000000000000000000000000000000000000000000000000000000000000000002202201700000000            000000000000000                              000                           
0010001300217T 280180230000001544772 29577050272000166   788888888888889923012017000000000007500001000000888888888888899          0900000000000000000000000000000000000000000000000000000   000000000000000000000005002        170192957705     
0010001300218U 280000000000000000000000000000000000000000000000000000000000000000000000000000000000000000000000000000000000000000000000002202201700000000            000000000000000                              000                           
0010001300219T 280180230000001544772 29577050273554984   788888888888889923012017000000000007500001000000888888888888899          0900000000000000000000000000000000000000000000000000000   000000000000000000000005002        170192957705     
0010001300220U 280000000000000000000000000000000000000000000000000000000000000000000000000000000000000000000000000000000000000000000000002202201700000000            000000000000000                              000                           
0010001300221T 280180230000001544772 29577050278117602   788888888888889923012017000000000007500001000000888888888888899          0900000000000000000000000000000000000000000000000000000   000000000000000000000005002        170192957705     
0010001300222U 280000000000000000000000000000000000000000000000000000000000000000000000000000000000000000000000000000000000000000000000002202201700000000            000000000000000                              000                           
0010001300223T 280180230000001544772 29577050282316779   788888888888889923012017000000000007500001000000888888888888899          0900000000000000000000000000000000000000000000000000000   000000000000000000000005002        170192957705     
0010001300224U 280000000000000000000000000000000000000000000000000000000000000000000000000000000000000000000000000000000000000000000000002202201700000000            000000000000000                              000                           
0010001300225T 280180230000001544772 29577050282401413   788888888888889923012017000000000007500001000000888888888888899          0900000000000000000000000000000000000000000000000000000   000000000000000000000005002        170192957705     
0010001300226U 280000000000000000000000000000000000000000000000000000000000000000000000000000000000000000000000000000000000000000000000002202201700000000            000000000000000                              000                           
0010001300227T 280180230000001544772 29577050282526284   788888888888889923012017000000000007500001000000888888888888899          0900000000000000000000000000000000000000000000000000000   000000000000000000000005002        170192957705     
0010001300228U 280000000000000000000000000000000000000000000000000000000000000000000000000000000000000000000000000000000000000000000000002202201700000000            000000000000000                              000                           
0010001300229T 280180230000001544772 29577050282656700   788888888888889923012017000000000007500001000000888888888888899          0900000000000000000000000000000000000000000000000000000   000000000000000000000005002        170192957705     
0010001300230U 280000000000000000000000000000000000000000000000000000000000000000000000000000000000000000000000000000000000000000000000002202201700000000            000000000000000                              000                           
0010001300231T 280180230000001544772 29577050282726160   788888888888889923012017000000000007500001000000888888888888899          0900000000000000000000000000000000000000000000000000000   000000000000000000000005002        170192957705     
0010001300232U 280000000000000000000000000000000000000000000000000000000000000000000000000000000000000000000000000000000000000000000000002202201700000000            000000000000000                              000                           
0010001300233T 280180230000001544772 29577050282825902   788888888888889923012017000000000007500001000000888888888888899          0900000000000000000000000000000000000000000000000000000   000000000000000000000005002        170192957705     
0010001300234U 280000000000000000000000000000000000000000000000000000000000000000000000000000000000000000000000000000000000000000000000002202201700000000            000000000000000                              000                           
00100015         000236004133000000000316640000000000000000000000000000000000000000000000000000000000000000000000000000000000000000000000000000000                                                                                              
00199999         000001000238000000                                                                                                                                                            00000000000000000000000000000                    
