00100000         2247745860001000029577050014       0180230000001544772 INSTITUTO DE SELECAO E TECNOLOBANCO DO BRASIL                         22302201701281900010803000000515122941PROCESSAMEN                                                 
00100011T0100020 20247745860001000029577050014       0180230000001544772 INSTITUTO DE SELECAO E TECNOLO                                                                                000000002302201700000000  000000000                      
0010001300001T 020180230000001544772 29577050142021521   7               25022017000000000007500001012408                         0900000000000010000000000000000000000000000000000000000   0000000000000000000000000A9        170192957705     
0010001300002U 020000000000000000000000000000000000000000000000000000000000000000000000000000000000000000000000000000000000000000000000002302201700000000            000000000000000                              000                           
0010001300003T 020180230000001544772 29577050165133176   7               25022017000000000007500001008338                         0900000000000010000000000000000000000000000000000000000   0000000000000000000000000A9        170192957705     
0010001300004U 020000000000000000000000000000000000000000000000000000000000000000000000000000000000000000000000000000000000000000000000002302201700000000            000000000000000                              000                           
0010001300005T 020180230000001544772 29577050165136300   7               25022017000000000007500001008338                         0900000000000010000000000000000000000000000000000000000   0000000000000000000000000A9        170192957705     
0010001300006U 020000000000000000000000000000000000000000000000000000000000000000000000000000000000000000000000000000000000000000000000002302201700000000            000000000000000                              000                           
0010001300007T 020180230000001544772 29577050212308136   7               25022017000000000007500001000833                         0900000000000010000000000000000000000000000000000000000   0000000000000000000000000A9        170192957705     
0010001300008U 020000000000000000000000000000000000000000000000000000000000000000000000000000000000000000000000000000000000000000000000002302201700000000            000000000000000                              000                           
0010001300009T 020180230000001544772 29577050212441592   7               25022017000000000007500001000833                         0900000000000010000000000000000000000000000000000000000   0000000000000000000000000A9        170192957705     
0010001300010U 020000000000000000000000000000000000000000000000000000000000000000000000000000000000000000000000000000000000000000000000002302201700000000            000000000000000                              000                           
0010001300011T 020180230000001544772 29577050223058383   7               25022017000000000007500001000213                         0900000000000010000000000000000000000000000000000000000   0000000000000000000000000A9        170192957705     
0010001300012U 020000000000000000000000000000000000000000000000000000000000000000000000000000000000000000000000000000000000000000000000002302201700000000            000000000000000                              000                           
0010001300013T 020180230000001544772 29577050242000165   7               25022017000000000007500001000213                         0900000000000010000000000000000000000000000000000000000   0000000000000000000000000A9        170192957705     
0010001300014U 020000000000000000000000000000000000000000000000000000000000000000000000000000000000000000000000000000000000000000000000002302201700000000            000000000000000                              000                           
0010001300015T 020180230000001544772 29577050279528081   7               2502201700000000000750000103049X                         0900000000000010000000000000000000000000000000000000000   0000000000000000000000000A9        170192957705     
0010001300016U 020000000000000000000000000000000000000000000000000000000000000000000000000000000000000000000000000000000000000000000000002302201700000000            000000000000000                              000                           
0010001300017T 020180230000001544772 29577050284523642   7               2502201700000000000750000100166X                         0900000000000010500000000000000000000000000000000000000   0000000000000000000000000A9A4      170192957705     
0010001300018U 020000000000000000000000000000000000000000000000000000000000000000000000000000000000000000000000000000000000000000000000002302201700000000            000000000000000                              000                           
0010001300019T 020180230000001544772 29577050290143878   7               25022017000000000007500001012408                         0900000000000010000000000000000000000000000000000000000   0000000000000000000000000A9        170192957705     
0010001300020U 020000000000000000000000000000000000000000000000000000000000000000000000000000000000000000000000000000000000000000000000002302201700000000            000000000000000                              000                           
0010001300021T 020180230000001544772 29577050326754742   7               25022017000000000007500001000213                         0900000000000010000000000000000000000000000000000000000   0000000000000000000000000A9        170192957705     
0010001300022U 020000000000000000000000000000000000000000000000000000000000000000000000000000000000000000000000000000000000000000000000002302201700000000            000000000000000                              000                           
0010001300023T 020180230000001544772 29577050328558003   7               25022017000000000007500001012998                         0900000000000010000000000000000000000000000000000000000   0000000000000000000000000A9        170192957705     
0010001300024U 020000000000000000000000000000000000000000000000000000000000000000000000000000000000000000000000000000000000000000000000002302201700000000            000000000000000                              000                           
0010001300025T 020180230000001544772 29577050422239916   7               25022017000000000007500001012408                         0900000000000010000000000000000000000000000000000000000   0000000000000000000000000A9        170192957705     
0010001300026U 020000000000000000000000000000000000000000000000000000000000000000000000000000000000000000000000000000000000000000000000002302201700000000            000000000000000                              000                           
0010001300027T 020180230000001544772 29577050422453980   7               25022017000000000007500001012408                         0900000000000010000000000000000000000000000000000000000   0000000000000000000000000A9        170192957705     
0010001300028U 020000000000000000000000000000000000000000000000000000000000000000000000000000000000000000000000000000000000000000000000002302201700000000            000000000000000                              000                           
0010001300029T 020180230000001544772 29577050487949801   7               2502201700000000000750000103049X                         0900000000000010000000000000000000000000000000000000000   0000000000000000000000000A9        170192957705     
0010001300030U 020000000000000000000000000000000000000000000000000000000000000000000000000000000000000000000000000000000000000000000000002302201700000000            000000000000000                              000                           
0010001300031T 020180230000001544772 29577050612857346   7               25022017000000000007500001010561                         0900000000000010000000000000000000000000000000000000000   0000000000000000000000000A9        170192957705     
0010001300032U 020000000000000000000000000000000000000000000000000000000000000000000000000000000000000000000000000000000000000000000000002302201700000000            000000000000000                              000                           
0010001300033T 020180230000001544772 29577050688245368   7               25022017000000000007500001012211                         0900000000000010000000000000000000000000000000000000000   0000000000000000000000000A9        170192957705     
0010001300034U 020000000000000000000000000000000000000000000000000000000000000000000000000000000000000000000000000000000000000000000000002302201700000000            000000000000000                              000                           
0010001300035T 020180230000001544772 29577050800632849   7               2502201700000000000750000103049X                         0900000000000010000000000000000000000000000000000000000   0000000000000000000000000A9        170192957705     
0010001300036U 020000000000000000000000000000000000000000000000000000000000000000000000000000000000000000000000000000000000000000000000002302201700000000            000000000000000                              000                           
0010001300037T 020180230000001544772 29577050826507043   7               25022017000000000007500001012408                         0900000000000010000000000000000000000000000000000000000   0000000000000000000000000A9        170192957705     
0010001300038U 020000000000000000000000000000000000000000000000000000000000000000000000000000000000000000000000000000000000000000000000002302201700000000            000000000000000                              000                           
0010001300039T 020180230000001544772 29577050826554699   7               25022017000000000007500001012408                         0900000000000010000000000000000000000000000000000000000   0000000000000000000000000A9        170192957705     
0010001300040U 020000000000000000000000000000000000000000000000000000000000000000000000000000000000000000000000000000000000000000000000002302201700000000            000000000000000                              000                           
0010001300041T 020180230000001544772 29577050882131130   7               25022017000000000007500001004782                         0900000000000010000000000000000000000000000000000000000   0000000000000000000000000A9        170192957705     
0010001300042U 020000000000000000000000000000000000000000000000000000000000000000000000000000000000000000000000000000000000000000000000002302201700000000            000000000000000                              000                           
0010001300043T 020180230000001544772 29577050882155440   7               25022017000000000007500001004782                         0900000000000010000000000000000000000000000000000000000   0000000000000000000000000A9        170192957705     
0010001300044U 020000000000000000000000000000000000000000000000000000000000000000000000000000000000000000000000000000000000000000000000002302201700000000            000000000000000                              000                           
0010001300045T 020180230000001544772 29577050887540035   7               24022017000000000007500001000213                         0900000000000010000000000000000000000000000000000000000   0000000000000000000000000A9        170192957705     
0010001300046U 020000000000000000000000000000000000000000000000000000000000000000000000000000000000000000000000000000000000000000000000002202201700000000            000000000000000                              000                           
0010001300047T 020180230000001544772 29577050887751078   7               2402201700000000000750000101981X                         0900000000000010000000000000000000000000000000000000000   0000000000000000000000000A9        170192957705     
0010001300048U 020000000000000000000000000000000000000000000000000000000000000000000000000000000000000000000000000000000000000000000000002202201700000000            000000000000000                              000                           
0010001300049T 020180230000001544772 29577050888150081   7               24022017000000000007500001004782                         0900000000000010000000000000000000000000000000000000000   0000000000000000000000000A9        170192957705     
0010001300050U 020000000000000000000000000000000000000000000000000000000000000000000000000000000000000000000000000000000000000000000000002202201700000000            000000000000000                              000                           
0010001300051T 020180230000001544772 29577050888214585   7               24022017000000000007500001024449                         0900000000000010000000000000000000000000000000000000000   0000000000000000000000000A9        170192957705     
0010001300052U 020000000000000000000000000000000000000000000000000000000000000000000000000000000000000000000000000000000000000000000000002202201700000000            000000000000000                              000                           
0010001300053T 020180230000001544772 29577050890154425   7               25022017000000000007500001000213                         0900000000000010000000000000000000000000000000000000000   0000000000000000000000000A9        170192957705     
0010001300054U 020000000000000000000000000000000000000000000000000000000000000000000000000000000000000000000000000000000000000000000000002302201700000000            000000000000000                              000                           
0010001300055T 020180230000001544772 29577050891053138   7               25022017000000000010000001012408                         0900000000000010000000000000000000000000000000000000000   0000000000000000000000000A9        170192957705     
0010001300056U 020000000000000000000000000000000000000000000000000000000000000000000000000000000000000000000000000000000000000000000000002302201700000000            000000000000000                              000                           
0010001300057T 020180230000001544772 29577050892043083   7               2502201700000000000750000101219X                         0900000000000010000000000000000000000000000000000000000   0000000000000000000000000A9        170192957705     
0010001300058U 020000000000000000000000000000000000000000000000000000000000000000000000000000000000000000000000000000000000000000000000002302201700000000            000000000000000                              000                           
0010001300059T 020180230000001544772 29577050892143396   7               25022017000000000007500001004804                         0900000000000010000000000000000000000000000000000000000   0000000000000000000000000A9        170192957705     
0010001300060U 020000000000000000000000000000000000000000000000000000000000000000000000000000000000000000000000000000000000000000000000002302201700000000            000000000000000                              000                           
0010001300061T 020180230000001544772 29577050892425008   7               25022017000000000007500001000213                         0900000000000010000000000000000000000000000000000000000   0000000000000000000000000A9        170192957705     
0010001300062U 020000000000000000000000000000000000000000000000000000000000000000000000000000000000000000000000000000000000000000000000002302201700000000            000000000000000                              000                           
0010001300063T 020180230000001544772 29577050892639083   7               25022017000000000007500001000833                         0900000000000010000000000000000000000000000000000000000   0000000000000000000000000A9        170192957705     
0010001300064U 020000000000000000000000000000000000000000000000000000000000000000000000000000000000000000000000000000000000000000000000002302201700000000            000000000000000                              000                           
0010001300065T 020180230000001544772 29577050893457713   7               25022017000000000007500001012408                         0900000000000010000000000000000000000000000000000000000   0000000000000000000000000A9        170192957705     
0010001300066U 020000000000000000000000000000000000000000000000000000000000000000000000000000000000000000000000000000000000000000000000002302201700000000            000000000000000                              000                           
0010001300067T 020180230000001544772 29577050893823108   7               2502201700000000000750000103049X                         0900000000000010000000000000000000000000000000000000000   0000000000000000000000000A9        170192957705     
0010001300068U 020000000000000000000000000000000000000000000000000000000000000000000000000000000000000000000000000000000000000000000000002302201700000000            000000000000000                              000                           
0010001300069T 020180230000001544772 29577050894837832   7               25022017000000000007500001000833                         0900000000000010000000000000000000000000000000000000000   0000000000000000000000000A9        170192957705     
0010001300070U 020000000000000000000000000000000000000000000000000000000000000000000000000000000000000000000000000000000000000000000000002302201700000000            000000000000000                              000                           
0010001300071T 020180230000001544772 29577050894943301   7               25022017000000000007500001012416                         0900000000000010000000000000000000000000000000000000000   0000000000000000000000000A9        170192957705     
0010001300072U 020000000000000000000000000000000000000000000000000000000000000000000000000000000000000000000000000000000000000000000000002302201700000000            000000000000000                              000                           
0010001300073T 020180230000001544772 29577050895134391   7               25022017000000000007500001000833                         0900000000000010000000000000000000000000000000000000000   0000000000000000000000000A9        170192957705     
0010001300074U 020000000000000000000000000000000000000000000000000000000000000000000000000000000000000000000000000000000000000000000000002302201700000000            000000000000000                              000                           
0010001300075T 020180230000001544772 29577050895717939   7               2502201700000000000750000103049X                         0900000000000010000000000000000000000000000000000000000   0000000000000000000000000A9        170192957705     
0010001300076U 020000000000000000000000000000000000000000000000000000000000000000000000000000000000000000000000000000000000000000000000002302201700000000            000000000000000                              000                           
0010001300077T 020180230000001544772 29577050900701231   7               25022017000000000007500001000213                         0900000000000010000000000000000000000000000000000000000   0000000000000000000000000A9        170192957705     
0010001300078U 020000000000000000000000000000000000000000000000000000000000000000000000000000000000000000000000000000000000000000000000002302201700000000            000000000000000                              000                           
0010001300079T 020180230000001544772 29577050900849549   7               25022017000000000007500001012408                         0900000000000010000000000000000000000000000000000000000   0000000000000000000000000A9        170192957705     
0010001300080U 020000000000000000000000000000000000000000000000000000000000000000000000000000000000000000000000000000000000000000000000002302201700000000            000000000000000                              000                           
0010001300081T 020180230000001544772 29577050901759937   7               25022017000000000007500001012408                         0900000000000010000000000000000000000000000000000000000   0000000000000000000000000A9        170192957705     
0010001300082U 020000000000000000000000000000000000000000000000000000000000000000000000000000000000000000000000000000000000000000000000002302201700000000            000000000000000                              000                           
0010001300083T 020180230000001544772 29577050901854144   7               25022017000000000007500001012408                         0900000000000010000000000000000000000000000000000000000   0000000000000000000000000A9        170192957705     
0010001300084U 020000000000000000000000000000000000000000000000000000000000000000000000000000000000000000000000000000000000000000000000002302201700000000            000000000000000                              000                           
0010001300085T 020180230000001544772 29577050902002006   7               25022017000000000007500001000213                         0900000000000010000000000000000000000000000000000000000   0000000000000000000000000A9        170192957705     
0010001300086U 020000000000000000000000000000000000000000000000000000000000000000000000000000000000000000000000000000000000000000000000002302201700000000            000000000000000                              000                           
0010001300087T 020180230000001544772 29577050902513554   7               25022017000000000007500001005703                         0900000000000010000000000000000000000000000000000000000   0000000000000000000000000A9        170192957705     
0010001300088U 020000000000000000000000000000000000000000000000000000000000000000000000000000000000000000000000000000000000000000000000002302201700000000            000000000000000                              000                           
0010001300089T 020180230000001544772 29577050903146996   7               2502201700000000000750000100281X                         0900000000000010000000000000000000000000000000000000000   0000000000000000000000000A9        170192957705     
0010001300090U 020000000000000000000000000000000000000000000000000000000000000000000000000000000000000000000000000000000000000000000000002302201700000000            000000000000000                              000                           
0010001300091T 020180230000001544772 29577050904123285   7               25022017000000000007500001012416                         0900000000000010000000000000000000000000000000000000000   0000000000000000000000000A9        170192957705     
0010001300092U 020000000000000000000000000000000000000000000000000000000000000000000000000000000000000000000000000000000000000000000000002302201700000000            000000000000000                              000                           
0010001300093T 020180230000001544772 29577050904438620   7               2502201700000000000750000103049X                         0900000000000010000000000000000000000000000000000000000   0000000000000000000000000A9        170192957705     
0010001300094U 020000000000000000000000000000000000000000000000000000000000000000000000000000000000000000000000000000000000000000000000002302201700000000            000000000000000                              000                           
0010001300095T 060180230000001544772 29577050086921323   7               24022017000000000007500104024400                         0900000000000010000000000000000000000000000000000000000   000000000000000000000029000        170192957705     
0010001300096U 060000000000000000000000000000000000000000000000000000000000000000000000075000000000000072100000000000000000000000000000002302201724022017            000000000000000                              000                           
0010001300097T 060180230000001544772 29577050296239260   7               23022017000000000007500001031941                         0900000000000010000000000000000000000000000000000000000   000000000000000000000029000        170192957705     
0010001300098U 060000000000000000000000000000000000000000000000000000000000000000000000075000000000000072100000000000000000000000000000002302201724022017            000000000000000                              000                           
0010001300099T 060180230000001544772 29577050422329210   7               22022017000000000007500021001050                         0900000000000010000000000000000000000000000000000000000   000000000000000000000029000        170192957705     
0010001300100U 060000000000000320000000000000000000000000000000000000000000000000000000075320000000000072420000000000000000000000000000002302201724022017            000000000000000                              000                           
0010001300101T 060180230000001544772 29577050859506130   7               23022017000000000007500021000590                         0900000000000010000000000000000000000000000000000000000   000000000000000000000029000        170192957705     
0010001300102U 060000000000000000000000000000000000000000000000000000000000000000000000075000000000000072100000000000000000000000000000002302201724022017            000000000000000                              000                           
0010001300103T 060180230000001544772 29577050863600745   7               23022017000000000007500104047760                         0900000000000010000000000000000000000000000000000000000   000000000000000000000029000        170192957705     
0010001300104U 060000000000000000000000000000000000000000000000000000000000000000000000075000000000000072100000000000000000000000000000002302201724022017            000000000000000                              000                           
0010001300105T 060180230000001544772 29577050878315055   7               24022017000000000007500104032390                         0900000000000010000000000000000000000000000000000000000   000000000000000000000029000        170192957705     
0010001300106U 060000000000000000000000000000000000000000000000000000000000000000000000075000000000000072100000000000000000000000000000002302201724022017            000000000000000                              000                           
0010001300107T 060180230000001544772 29577050891053138   7               25022017000000000010000237012000                         0900000000000010000000000000000000000000000000000000000   000000000000000000000029000        170192957705     
0010001300108U 060000000000000000000000000000000000000000000000000000000000000000000000100000000000000097100000000000000000000000000000002302201724022017            000000000000000                              000                           
0010001300109T 280180230000001544772 29577050017920702   788888888888889925122016000000000007500001000000888888888888899          0900000000000000000000000000000000000000000000000000000   000000000000000000000005002        170192957705     
0010001300110U 280000000000000000000000000000000000000000000000000000000000000000000000000000000000000000000000000000000000000000000000002302201700000000            000000000000000                              000                           
0010001300111T 280180230000001544772 29577050019413613   788888888888889925122016000000000010000001000000888888888888899          0900000000000000000000000000000000000000000000000000000   000000000000000000000005002        170192957705     
0010001300112U 280000000000000000000000000000000000000000000000000000000000000000000000000000000000000000000000000000000000000000000000002302201700000000            000000000000000                              000                           
0010001300113T 280180230000001544772 29577050019441328   788888888888889925122016000000000010000001000000888888888888899          0900000000000000000000000000000000000000000000000000000   000000000000000000000005002        170192957705     
0010001300114U 280000000000000000000000000000000000000000000000000000000000000000000000000000000000000000000000000000000000000000000000002302201700000000            000000000000000                              000                           
0010001300115T 280180230000001544772 29577050021739206   788888888888889924012017000000000007500001000000888888888888899          0900000000000000000000000000000000000000000000000000000   000000000000000000000005002        170192957705     
0010001300116U 280000000000000000000000000000000000000000000000000000000000000000000000000000000000000000000000000000000000000000000000002302201700000000            000000000000000                              000                           
0010001300117T 280180230000001544772 29577050045418688   788888888888889925122016000000000007500001000000888888888888899          0900000000000000000000000000000000000000000000000000000   000000000000000000000005002        170192957705     
0010001300118U 280000000000000000000000000000000000000000000000000000000000000000000000000000000000000000000000000000000000000000000000002302201700000000            000000000000000                              000                           
0010001300119T 280180230000001544772 29577050046207337   788888888888889925122016000000000007500001000000888888888888899          0900000000000000000000000000000000000000000000000000000   000000000000000000000005002        170192957705     
0010001300120U 280000000000000000000000000000000000000000000000000000000000000000000000000000000000000000000000000000000000000000000000002302201700000000            000000000000000                              000                           
0010001300121T 280180230000001544772 29577050046207665   788888888888889925122016000000000007500001000000888888888888899          0900000000000000000000000000000000000000000000000000000   000000000000000000000005002        170192957705     
0010001300122U 280000000000000000000000000000000000000000000000000000000000000000000000000000000000000000000000000000000000000000000000002302201700000000            000000000000000                              000                           
0010001300123T 280180230000001544772 29577050046220758   788888888888889925122016000000000007500001000000888888888888899          0900000000000000000000000000000000000000000000000000000   000000000000000000000005002        170192957705     
0010001300124U 280000000000000000000000000000000000000000000000000000000000000000000000000000000000000000000000000000000000000000000000002302201700000000            000000000000000                              000                           
0010001300125T 280180230000001544772 29577050048032654   788888888888889925122016000000000007500001000000888888888888899          0900000000000000000000000000000000000000000000000000000   000000000000000000000005002        170192957705     
0010001300126U 280000000000000000000000000000000000000000000000000000000000000000000000000000000000000000000000000000000000000000000000002302201700000000            000000000000000                              000                           
0010001300127T 280180230000001544772 29577050048115921   788888888888889925122016000000000007500001000000888888888888899          0900000000000000000000000000000000000000000000000000000   000000000000000000000005002        170192957705     
0010001300128U 280000000000000000000000000000000000000000000000000000000000000000000000000000000000000000000000000000000000000000000000002302201700000000            000000000000000                              000                           
0010001300129T 280180230000001544772 29577050048347090   788888888888889925122016000000000010000001000000888888888888899          0900000000000000000000000000000000000000000000000000000   000000000000000000000005002        170192957705     
0010001300130U 280000000000000000000000000000000000000000000000000000000000000000000000000000000000000000000000000000000000000000000000002302201700000000            000000000000000                              000                           
0010001300131T 280180230000001544772 29577050048423354   788888888888889925122016000000000007500001000000888888888888899          0900000000000000000000000000000000000000000000000000000   000000000000000000000005002        170192957705     
0010001300132U 280000000000000000000000000000000000000000000000000000000000000000000000000000000000000000000000000000000000000000000000002302201700000000            000000000000000                              000                           
0010001300133T 280180230000001544772 29577050048751040   788888888888889925122016000000000007500001000000888888888888899          0900000000000000000000000000000000000000000000000000000   000000000000000000000005002        170192957705     
0010001300134U 280000000000000000000000000000000000000000000000000000000000000000000000000000000000000000000000000000000000000000000000002302201700000000            000000000000000                              000                           
0010001300135T 280180230000001544772 29577050049342286   788888888888889925122016000000000007500001000000888888888888899          0900000000000000000000000000000000000000000000000000000   000000000000000000000005002        170192957705     
0010001300136U 280000000000000000000000000000000000000000000000000000000000000000000000000000000000000000000000000000000000000000000000002302201700000000            000000000000000                              000                           
0010001300137T 280180230000001544772 29577050049754643   788888888888889925122016000000000007500001000000888888888888899          0900000000000000000000000000000000000000000000000000000   000000000000000000000005002        170192957705     
0010001300138U 280000000000000000000000000000000000000000000000000000000000000000000000000000000000000000000000000000000000000000000000002302201700000000            000000000000000                              000                           
0010001300139T 280180230000001544772 29577050049951051   788888888888889925122016000000000007500001000000888888888888899          0900000000000000000000000000000000000000000000000000000   000000000000000000000005002        170192957705     
0010001300140U 280000000000000000000000000000000000000000000000000000000000000000000000000000000000000000000000000000000000000000000000002302201700000000            000000000000000                              000                           
0010001300141T 280180230000001544772 29577050049959510   788888888888889925122016000000000007500001000000888888888888899          0900000000000000000000000000000000000000000000000000000   000000000000000000000005002        170192957705     
0010001300142U 280000000000000000000000000000000000000000000000000000000000000000000000000000000000000000000000000000000000000000000000002302201700000000            000000000000000                              000                           
0010001300143T 280180230000001544772 29577050050226398   788888888888889925122016000000000007500001000000888888888888899          0900000000000000000000000000000000000000000000000000000   000000000000000000000005002        170192957705     
0010001300144U 280000000000000000000000000000000000000000000000000000000000000000000000000000000000000000000000000000000000000000000000002302201700000000            000000000000000                              000                           
0010001300145T 280180230000001544772 29577050050716596   788888888888889925122016000000000007500001000000888888888888899          0900000000000000000000000000000000000000000000000000000   000000000000000000000005002        170192957705     
0010001300146U 280000000000000000000000000000000000000000000000000000000000000000000000000000000000000000000000000000000000000000000000002302201700000000            000000000000000                              000                           
0010001300147T 280180230000001544772 29577050050846755   788888888888889925122016000000000007500001000000888888888888899          0900000000000000000000000000000000000000000000000000000   000000000000000000000005002        170192957705     
0010001300148U 280000000000000000000000000000000000000000000000000000000000000000000000000000000000000000000000000000000000000000000000002302201700000000            000000000000000                              000                           
0010001300149T 280180230000001544772 29577050051016736   788888888888889925122016000000000007500001000000888888888888899          0900000000000000000000000000000000000000000000000000000   000000000000000000000005002        170192957705     
0010001300150U 280000000000000000000000000000000000000000000000000000000000000000000000000000000000000000000000000000000000000000000000002302201700000000            000000000000000                              000                           
0010001300151T 280180230000001544772 29577050051023575   788888888888889925122016000000000007500001000000888888888888899          0900000000000000000000000000000000000000000000000000000   000000000000000000000005002        170192957705     
0010001300152U 280000000000000000000000000000000000000000000000000000000000000000000000000000000000000000000000000000000000000000000000002302201700000000            000000000000000                              000                           
0010001300153T 280180230000001544772 29577050051026795   788888888888889925122016000000000007500001000000888888888888899          0900000000000000000000000000000000000000000000000000000   000000000000000000000005002        170192957705     
0010001300154U 280000000000000000000000000000000000000000000000000000000000000000000000000000000000000000000000000000000000000000000000002302201700000000            000000000000000                              000                           
0010001300155T 280180230000001544772 29577050051909753   788888888888889925122016000000000007500001000000888888888888899          0900000000000000000000000000000000000000000000000000000   000000000000000000000005002        170192957705     
0010001300156U 280000000000000000000000000000000000000000000000000000000000000000000000000000000000000000000000000000000000000000000000002302201700000000            000000000000000                              000                           
0010001300157T 280180230000001544772 29577050052115030   788888888888889925122016000000000007500001000000888888888888899          0900000000000000000000000000000000000000000000000000000   000000000000000000000005002        170192957705     
0010001300158U 280000000000000000000000000000000000000000000000000000000000000000000000000000000000000000000000000000000000000000000000002302201700000000            000000000000000                              000                           
0010001300159T 280180230000001544772 29577050052123852   788888888888889925122016000000000007500001000000888888888888899          0900000000000000000000000000000000000000000000000000000   000000000000000000000005002        170192957705     
0010001300160U 280000000000000000000000000000000000000000000000000000000000000000000000000000000000000000000000000000000000000000000000002302201700000000            000000000000000                              000                           
0010001300161T 280180230000001544772 29577050052126151   788888888888889925122016000000000007500001000000888888888888899          0900000000000000000000000000000000000000000000000000000   000000000000000000000005002        170192957705     
0010001300162U 280000000000000000000000000000000000000000000000000000000000000000000000000000000000000000000000000000000000000000000000002302201700000000            000000000000000                              000                           
0010001300163T 280180230000001544772 29577050052151931   788888888888889925122016000000000007500001000000888888888888899          0900000000000000000000000000000000000000000000000000000   000000000000000000000005002        170192957705     
0010001300164U 280000000000000000000000000000000000000000000000000000000000000000000000000000000000000000000000000000000000000000000000002302201700000000            000000000000000                              000                           
0010001300165T 280180230000001544772 29577050052314140   788888888888889925122016000000000007500001000000888888888888899          0900000000000000000000000000000000000000000000000000000   000000000000000000000005002        170192957705     
0010001300166U 280000000000000000000000000000000000000000000000000000000000000000000000000000000000000000000000000000000000000000000000002302201700000000            000000000000000                              000                           
0010001300167T 280180230000001544772 29577050052416906   788888888888889925122016000000000010000001000000888888888888899          0900000000000000000000000000000000000000000000000000000   000000000000000000000005002        170192957705     
0010001300168U 280000000000000000000000000000000000000000000000000000000000000000000000000000000000000000000000000000000000000000000000002302201700000000            000000000000000                              000                           
0010001300169T 280180230000001544772 29577050052705896   788888888888889925122016000000000007500001000000888888888888899          0900000000000000000000000000000000000000000000000000000   000000000000000000000005002        170192957705     
0010001300170U 280000000000000000000000000000000000000000000000000000000000000000000000000000000000000000000000000000000000000000000000002302201700000000            000000000000000                              000                           
0010001300171T 280180230000001544772 29577050053017106   788888888888889925122016000000000007500001000000888888888888899          0900000000000000000000000000000000000000000000000000000   000000000000000000000005002        170192957705     
0010001300172U 280000000000000000000000000000000000000000000000000000000000000000000000000000000000000000000000000000000000000000000000002302201700000000            000000000000000                              000                           
0010001300173T 280180230000001544772 29577050053316907   788888888888889925122016000000000007500001000000888888888888899          0900000000000000000000000000000000000000000000000000000   000000000000000000000005002        170192957705     
0010001300174U 280000000000000000000000000000000000000000000000000000000000000000000000000000000000000000000000000000000000000000000000002302201700000000            000000000000000                              000                           
0010001300175T 280180230000001544772 29577050053429131   788888888888889925122016000000000007500001000000888888888888899          0900000000000000000000000000000000000000000000000000000   000000000000000000000005002        170192957705     
0010001300176U 280000000000000000000000000000000000000000000000000000000000000000000000000000000000000000000000000000000000000000000000002302201700000000            000000000000000                              000                           
0010001300177T 280180230000001544772 29577050053657309   788888888888889925122016000000000007500001000000888888888888899          0900000000000000000000000000000000000000000000000000000   000000000000000000000005002        170192957705     
0010001300178U 280000000000000000000000000000000000000000000000000000000000000000000000000000000000000000000000000000000000000000000000002302201700000000            000000000000000                              000                           
0010001300179T 280180230000001544772 29577050054005937   788888888888889925122016000000000007500001000000888888888888899          0900000000000000000000000000000000000000000000000000000   000000000000000000000005002        170192957705     
0010001300180U 280000000000000000000000000000000000000000000000000000000000000000000000000000000000000000000000000000000000000000000000002302201700000000            000000000000000                              000                           
0010001300181T 280180230000001544772 29577050054235248   788888888888889925122016000000000007500001000000888888888888899          0900000000000000000000000000000000000000000000000000000   000000000000000000000005002        170192957705     
0010001300182U 280000000000000000000000000000000000000000000000000000000000000000000000000000000000000000000000000000000000000000000000002302201700000000            000000000000000                              000                           
0010001300183T 280180230000001544772 29577050054623930   788888888888889925122016000000000007500001000000888888888888899          0900000000000000000000000000000000000000000000000000000   000000000000000000000005002        170192957705     
0010001300184U 280000000000000000000000000000000000000000000000000000000000000000000000000000000000000000000000000000000000000000000000002302201700000000            000000000000000                              000                           
0010001300185T 280180230000001544772 29577050054713479   788888888888889925122016000000000007500001000000888888888888899          0900000000000000000000000000000000000000000000000000000   000000000000000000000005002        170192957705     
0010001300186U 280000000000000000000000000000000000000000000000000000000000000000000000000000000000000000000000000000000000000000000000002302201700000000            000000000000000                              000                           
0010001300187T 280180230000001544772 29577050054837391   788888888888889925122016000000000007500001000000888888888888899          0900000000000000000000000000000000000000000000000000000   000000000000000000000005002        170192957705     
0010001300188U 280000000000000000000000000000000000000000000000000000000000000000000000000000000000000000000000000000000000000000000000002302201700000000            000000000000000                              000                           
0010001300189T 280180230000001544772 29577050055150073   788888888888889925122016000000000007500001000000888888888888899          0900000000000000000000000000000000000000000000000000000   000000000000000000000005002        170192957705     
0010001300190U 280000000000000000000000000000000000000000000000000000000000000000000000000000000000000000000000000000000000000000000000002302201700000000            000000000000000                              000                           
0010001300191T 280180230000001544772 29577050055323702   788888888888889925122016000000000007500001000000888888888888899          0900000000000000000000000000000000000000000000000000000   000000000000000000000005002        170192957705     
0010001300192U 280000000000000000000000000000000000000000000000000000000000000000000000000000000000000000000000000000000000000000000000002302201700000000            000000000000000                              000                           
0010001300193T 280180230000001544772 29577050055633326   788888888888889925122016000000000007500001000000888888888888899          0900000000000000000000000000000000000000000000000000000   000000000000000000000005002        170192957705     
0010001300194U 280000000000000000000000000000000000000000000000000000000000000000000000000000000000000000000000000000000000000000000000002302201700000000            000000000000000                              000                           
0010001300195T 280180230000001544772 29577050055818244   788888888888889925122016000000000007500001000000888888888888899          0900000000000000000000000000000000000000000000000000000   000000000000000000000005002        170192957705     
0010001300196U 280000000000000000000000000000000000000000000000000000000000000000000000000000000000000000000000000000000000000000000000002302201700000000            000000000000000                              000                           
0010001300197T 280180230000001544772 29577050057050048   788888888888889925122016000000000007500001000000888888888888899          0900000000000000000000000000000000000000000000000000000   000000000000000000000005002        170192957705     
0010001300198U 280000000000000000000000000000000000000000000000000000000000000000000000000000000000000000000000000000000000000000000000002302201700000000            000000000000000                              000                           
0010001300199T 280180230000001544772 29577050057139142   788888888888889925122016000000000007500001000000888888888888899          0900000000000000000000000000000000000000000000000000000   000000000000000000000005002        170192957705     
0010001300200U 280000000000000000000000000000000000000000000000000000000000000000000000000000000000000000000000000000000000000000000000002302201700000000            000000000000000                              000                           
0010001300201T 280180230000001544772 29577050057207936   788888888888889925122016000000000007500001000000888888888888899          0900000000000000000000000000000000000000000000000000000   000000000000000000000005002        170192957705     
0010001300202U 280000000000000000000000000000000000000000000000000000000000000000000000000000000000000000000000000000000000000000000000002302201700000000            000000000000000                              000                           
0010001300203T 280180230000001544772 29577050057324741   788888888888889925122016000000000007500001000000888888888888899          0900000000000000000000000000000000000000000000000000000   000000000000000000000005002        170192957705     
0010001300204U 280000000000000000000000000000000000000000000000000000000000000000000000000000000000000000000000000000000000000000000000002302201700000000            000000000000000                              000                           
0010001300205T 280180230000001544772 29577050057357287   788888888888889925122016000000000007500001000000888888888888899          0900000000000000000000000000000000000000000000000000000   000000000000000000000005002        170192957705     
0010001300206U 280000000000000000000000000000000000000000000000000000000000000000000000000000000000000000000000000000000000000000000000002302201700000000            000000000000000                              000                           
0010001300207T 280180230000001544772 29577050086452910   788888888888889924012017000000000007500001000000888888888888899          0900000000000000000000000000000000000000000000000000000   000000000000000000000005002        170192957705     
0010001300208U 280000000000000000000000000000000000000000000000000000000000000000000000000000000000000000000000000000000000000000000000002302201700000000            000000000000000                              000                           
0010001300209T 280180230000001544772 29577050113758119   788888888888889924012017000000000007500001000000888888888888899          0900000000000000000000000000000000000000000000000000000   000000000000000000000005002        170192957705     
0010001300210U 280000000000000000000000000000000000000000000000000000000000000000000000000000000000000000000000000000000000000000000000002302201700000000            000000000000000                              000                           
0010001300211T 280180230000001544772 29577050135745883   788888888888889924012017000000000007500001000000888888888888899          0900000000000000000000000000000000000000000000000000000   000000000000000000000005002        170192957705     
0010001300212U 280000000000000000000000000000000000000000000000000000000000000000000000000000000000000000000000000000000000000000000000002302201700000000            000000000000000                              000                           
0010001300213T 280180230000001544772 29577050190440929   788888888888889924012017000000000007500001000000888888888888899          0900000000000000000000000000000000000000000000000000000   000000000000000000000005002        170192957705     
0010001300214U 280000000000000000000000000000000000000000000000000000000000000000000000000000000000000000000000000000000000000000000000002302201700000000            000000000000000                              000                           
0010001300215T 280180230000001544772 29577050209007269   788888888888889924012017000000000007500001000000888888888888899          0900000000000000000000000000000000000000000000000000000   000000000000000000000005002        170192957705     
0010001300216U 280000000000000000000000000000000000000000000000000000000000000000000000000000000000000000000000000000000000000000000000002302201700000000            000000000000000                              000                           
0010001300217T 280180230000001544772 29577050209025150   788888888888889924012017000000000007500001000000888888888888899          0900000000000000000000000000000000000000000000000000000   000000000000000000000005002        170192957705     
0010001300218U 280000000000000000000000000000000000000000000000000000000000000000000000000000000000000000000000000000000000000000000000002302201700000000            000000000000000                              000                           
0010001300219T 280180230000001544772 29577050209032497   788888888888889924012017000000000007500001000000888888888888899          0900000000000000000000000000000000000000000000000000000   000000000000000000000005002        170192957705     
0010001300220U 280000000000000000000000000000000000000000000000000000000000000000000000000000000000000000000000000000000000000000000000002302201700000000            000000000000000                              000                           
0010001300221T 280180230000001544772 29577050223710695   788888888888889924012017000000000007500001000000888888888888899          0900000000000000000000000000000000000000000000000000000   000000000000000000000005002        170192957705     
0010001300222U 280000000000000000000000000000000000000000000000000000000000000000000000000000000000000000000000000000000000000000000000002302201700000000            000000000000000                              000                           
0010001300223T 280180230000001544772 29577050223758575   788888888888889924012017000000000007500001000000888888888888899          0900000000000000000000000000000000000000000000000000000   000000000000000000000005002        170192957705     
0010001300224U 280000000000000000000000000000000000000000000000000000000000000000000000000000000000000000000000000000000000000000000000002302201700000000            000000000000000                              000                           
0010001300225T 280180230000001544772 29577050223758963   788888888888889924012017000000000007500001000000888888888888899          0900000000000000000000000000000000000000000000000000000   000000000000000000000005002        170192957705     
0010001300226U 280000000000000000000000000000000000000000000000000000000000000000000000000000000000000000000000000000000000000000000000002302201700000000            000000000000000                              000                           
0010001300227T 280180230000001544772 29577050224932987   788888888888889924012017000000000007500001000000888888888888899          0900000000000000000000000000000000000000000000000000000   000000000000000000000005002        170192957705     
0010001300228U 280000000000000000000000000000000000000000000000000000000000000000000000000000000000000000000000000000000000000000000000002302201700000000            000000000000000                              000                           
0010001300229T 280180230000001544772 29577050225755859   788888888888889924012017000000000007500001000000888888888888899          0900000000000000000000000000000000000000000000000000000   000000000000000000000005002        170192957705     
0010001300230U 280000000000000000000000000000000000000000000000000000000000000000000000000000000000000000000000000000000000000000000000002302201700000000            000000000000000                              000                           
0010001300231T 280180230000001544772 29577050238410882   788888888888889924012017000000000007500001000000888888888888899          0900000000000000000000000000000000000000000000000000000   000000000000000000000005002        170192957705     
0010001300232U 280000000000000000000000000000000000000000000000000000000000000000000000000000000000000000000000000000000000000000000000002302201700000000            000000000000000                              000                           
0010001300233T 280180230000001544772 29577050243547104   788888888888889924012017000000000007500001000000888888888888899          0900000000000000000000000000000000000000000000000000000   000000000000000000000005002        170192957705     
0010001300234U 280000000000000000000000000000000000000000000000000000000000000000000000000000000000000000000000000000000000000000000000002302201700000000            000000000000000                              000                           
0010001300235T 280180230000001544772 29577050255417935   788888888888889924012017000000000007500001000000888888888888899          0900000000000000000000000000000000000000000000000000000   000000000000000000000005002        170192957705     
0010001300236U 280000000000000000000000000000000000000000000000000000000000000000000000000000000000000000000000000000000000000000000000002302201700000000            000000000000000                              000                           
0010001300237T 280180230000001544772 29577050258258776   788888888888889924012017000000000007500001000000888888888888899          0900000000000000000000000000000000000000000000000000000   000000000000000000000005002        170192957705     
0010001300238U 280000000000000000000000000000000000000000000000000000000000000000000000000000000000000000000000000000000000000000000000002302201700000000            000000000000000                              000                           
0010001300239T 280180230000001544772 29577050262257564   788888888888889924012017000000000007500001000000888888888888899          0900000000000000000000000000000000000000000000000000000   000000000000000000000005002        170192957705     
0010001300240U 280000000000000000000000000000000000000000000000000000000000000000000000000000000000000000000000000000000000000000000000002302201700000000            000000000000000                              000                           
0010001300241T 280180230000001544772 29577050265620800   788888888888889924012017000000000007500001000000888888888888899          0900000000000000000000000000000000000000000000000000000   000000000000000000000005002        170192957705     
0010001300242U 280000000000000000000000000000000000000000000000000000000000000000000000000000000000000000000000000000000000000000000000002302201700000000            000000000000000                              000                           
0010001300243T 280180230000001544772 29577050265650826   788888888888889924012017000000000007500001000000888888888888899          0900000000000000000000000000000000000000000000000000000   000000000000000000000005002        170192957705     
0010001300244U 280000000000000000000000000000000000000000000000000000000000000000000000000000000000000000000000000000000000000000000000002302201700000000            000000000000000                              000                           
0010001300245T 280180230000001544772 29577050266300885   788888888888889924012017000000000007500001000000888888888888899          0900000000000000000000000000000000000000000000000000000   000000000000000000000005002        170192957705     
0010001300246U 280000000000000000000000000000000000000000000000000000000000000000000000000000000000000000000000000000000000000000000000002302201700000000            000000000000000                              000                           
0010001300247T 280180230000001544772 29577050282901849   788888888888889924012017000000000007500001000000888888888888899          0900000000000000000000000000000000000000000000000000000   000000000000000000000005002        170192957705     
0010001300248U 280000000000000000000000000000000000000000000000000000000000000000000000000000000000000000000000000000000000000000000000002302201700000000            000000000000000                              000                           
0010001300249T 280180230000001544772 29577050283113901   788888888888889924012017000000000007500001000000888888888888899          0900000000000000000000000000000000000000000000000000000   000000000000000000000005002        170192957705     
0010001300250U 280000000000000000000000000000000000000000000000000000000000000000000000000000000000000000000000000000000000000000000000002302201700000000            000000000000000                              000                           
0010001300251T 280180230000001544772 29577050283323964   788888888888889924012017000000000010000001000000888888888888899          0900000000000000000000000000000000000000000000000000000   000000000000000000000005002        170192957705     
0010001300252U 280000000000000000000000000000000000000000000000000000000000000000000000000000000000000000000000000000000000000000000000002302201700000000            000000000000000                              000                           
0010001300253T 280180230000001544772 29577050283459250   788888888888889924012017000000000007500001000000888888888888899          0900000000000000000000000000000000000000000000000000000   000000000000000000000005002        170192957705     
0010001300254U 280000000000000000000000000000000000000000000000000000000000000000000000000000000000000000000000000000000000000000000000002302201700000000            000000000000000                              000                           
0010001300255T 280180230000001544772 29577050283555007   788888888888889924012017000000000007500001000000888888888888899          0900000000000000000000000000000000000000000000000000000   000000000000000000000005002        170192957705     
0010001300256U 280000000000000000000000000000000000000000000000000000000000000000000000000000000000000000000000000000000000000000000000002302201700000000            000000000000000                              000                           
0010001300257T 280180230000001544772 29577050283605686   788888888888889924012017000000000007500001000000888888888888899          0900000000000000000000000000000000000000000000000000000   000000000000000000000005002        170192957705     
0010001300258U 280000000000000000000000000000000000000000000000000000000000000000000000000000000000000000000000000000000000000000000000002302201700000000            000000000000000                              000                           
0010001300259T 280180230000001544772 29577050283700723   788888888888889924012017000000000007500001000000888888888888899          0900000000000000000000000000000000000000000000000000000   000000000000000000000005002        170192957705     
0010001300260U 280000000000000000000000000000000000000000000000000000000000000000000000000000000000000000000000000000000000000000000000002302201700000000            000000000000000                              000                           
0010001300261T 280180230000001544772 29577050283905430   788888888888889924012017000000000007500001000000888888888888899          0900000000000000000000000000000000000000000000000000000   000000000000000000000005002        170192957705     
0010001300262U 280000000000000000000000000000000000000000000000000000000000000000000000000000000000000000000000000000000000000000000000002302201700000000            000000000000000                              000                           
0010001300263T 280180230000001544772 29577050284008878   788888888888889924012017000000000007500001000000888888888888899          0900000000000000000000000000000000000000000000000000000   000000000000000000000005002        170192957705     
0010001300264U 280000000000000000000000000000000000000000000000000000000000000000000000000000000000000000000000000000000000000000000000002302201700000000            000000000000000                              000                           
0010001300265T 280180230000001544772 29577050284141614   788888888888889924012017000000000007500001000000888888888888899          0900000000000000000000000000000000000000000000000000000   000000000000000000000005002        170192957705     
0010001300266U 280000000000000000000000000000000000000000000000000000000000000000000000000000000000000000000000000000000000000000000000002302201700000000            000000000000000                              000                           
0010001300267T 280180230000001544772 29577050284242494   788888888888889924012017000000000007500001000000888888888888899          0900000000000000000000000000000000000000000000000000000   000000000000000000000005002        170192957705     
0010001300268U 280000000000000000000000000000000000000000000000000000000000000000000000000000000000000000000000000000000000000000000000002302201700000000            000000000000000                              000                           
0010001300269T 280180230000001544772 29577050284344355   788888888888889924012017000000000007500001000000888888888888899          0900000000000000000000000000000000000000000000000000000   000000000000000000000005002        170192957705     
0010001300270U 280000000000000000000000000000000000000000000000000000000000000000000000000000000000000000000000000000000000000000000000002302201700000000            000000000000000                              000                           
0010001300271T 280180230000001544772 29577050284506621   788888888888889924012017000000000007500001000000888888888888899          0900000000000000000000000000000000000000000000000000000   000000000000000000000005002        170192957705     
0010001300272U 280000000000000000000000000000000000000000000000000000000000000000000000000000000000000000000000000000000000000000000000002302201700000000            000000000000000                              000                           
0010001300273T 280180230000001544772 29577050284711410   788888888888889924012017000000000007500001000000888888888888899          0900000000000000000000000000000000000000000000000000000   000000000000000000000005002        170192957705     
0010001300274U 280000000000000000000000000000000000000000000000000000000000000000000000000000000000000000000000000000000000000000000000002302201700000000            000000000000000                              000                           
0010001300275T 280180230000001544772 29577050284724892   788888888888889924012017000000000007500001000000888888888888899          0900000000000000000000000000000000000000000000000000000   000000000000000000000005002        170192957705     
0010001300276U 280000000000000000000000000000000000000000000000000000000000000000000000000000000000000000000000000000000000000000000000002302201700000000            000000000000000                              000                           
0010001300277T 280180230000001544772 29577050284828231   788888888888889924012017000000000007500001000000888888888888899          0900000000000000000000000000000000000000000000000000000   000000000000000000000005002        170192957705     
0010001300278U 280000000000000000000000000000000000000000000000000000000000000000000000000000000000000000000000000000000000000000000000002302201700000000            000000000000000                              000                           
0010001300279T 280180230000001544772 29577050284858078   788888888888889924012017000000000007500001000000888888888888899          0900000000000000000000000000000000000000000000000000000   000000000000000000000005002        170192957705     
0010001300280U 280000000000000000000000000000000000000000000000000000000000000000000000000000000000000000000000000000000000000000000000002302201700000000            000000000000000                              000                           
0010001300281T 280180230000001544772 29577050285101095   788888888888889924012017000000000007500001000000888888888888899          0900000000000000000000000000000000000000000000000000000   000000000000000000000005002        170192957705     
0010001300282U 280000000000000000000000000000000000000000000000000000000000000000000000000000000000000000000000000000000000000000000000002302201700000000            000000000000000                              000                           
0010001300283T 280180230000001544772 29577050285240820   788888888888889924012017000000000007500001000000888888888888899          0900000000000000000000000000000000000000000000000000000   000000000000000000000005002        170192957705     
0010001300284U 280000000000000000000000000000000000000000000000000000000000000000000000000000000000000000000000000000000000000000000000002302201700000000            000000000000000                              000                           
0010001300285T 280180230000001544772 29577050285442899   788888888888889924012017000000000007500001000000888888888888899          0900000000000000000000000000000000000000000000000000000   000000000000000000000005002        170192957705     
0010001300286U 280000000000000000000000000000000000000000000000000000000000000000000000000000000000000000000000000000000000000000000000002302201700000000            000000000000000                              000                           
0010001300287T 280180230000001544772 29577050285618406   788888888888889924012017000000000007500001000000888888888888899          0900000000000000000000000000000000000000000000000000000   000000000000000000000005002        170192957705     
0010001300288U 280000000000000000000000000000000000000000000000000000000000000000000000000000000000000000000000000000000000000000000000002302201700000000            000000000000000                              000                           
0010001300289T 280180230000001544772 29577050285711036   788888888888889924012017000000000007500001000000888888888888899          0900000000000000000000000000000000000000000000000000000   000000000000000000000005002        170192957705     
0010001300290U 280000000000000000000000000000000000000000000000000000000000000000000000000000000000000000000000000000000000000000000000002302201700000000            000000000000000                              000                           
0010001300291T 280180230000001544772 29577050285859530   788888888888889924012017000000000007500001000000888888888888899          0900000000000000000000000000000000000000000000000000000   000000000000000000000005002        170192957705     
0010001300292U 280000000000000000000000000000000000000000000000000000000000000000000000000000000000000000000000000000000000000000000000002302201700000000            000000000000000                              000                           
0010001300293T 280180230000001544772 29577050285950818   788888888888889924012017000000000007500001000000888888888888899          0900000000000000000000000000000000000000000000000000000   000000000000000000000005002        170192957705     
0010001300294U 280000000000000000000000000000000000000000000000000000000000000000000000000000000000000000000000000000000000000000000000002302201700000000            000000000000000                              000                           
0010001300295T 280180230000001544772 29577050286006807   788888888888889924012017000000000007500001000000888888888888899          0900000000000000000000000000000000000000000000000000000   000000000000000000000005002        170192957705     
0010001300296U 280000000000000000000000000000000000000000000000000000000000000000000000000000000000000000000000000000000000000000000000002302201700000000            000000000000000                              000                           
0010001300297T 280180230000001544772 29577050286141610   788888888888889924012017000000000007500001000000888888888888899          0900000000000000000000000000000000000000000000000000000   000000000000000000000005002        170192957705     
0010001300298U 280000000000000000000000000000000000000000000000000000000000000000000000000000000000000000000000000000000000000000000000002302201700000000            000000000000000                              000                           
0010001300299T 280180230000001544772 29577050286202362   788888888888889924012017000000000007500001000000888888888888899          0900000000000000000000000000000000000000000000000000000   000000000000000000000005002        170192957705     
0010001300300U 280000000000000000000000000000000000000000000000000000000000000000000000000000000000000000000000000000000000000000000000002302201700000000            000000000000000                              000                           
0010001300301T 280180230000001544772 29577050286300495   788888888888889924012017000000000007500001000000888888888888899          0900000000000000000000000000000000000000000000000000000   000000000000000000000005002        170192957705     
0010001300302U 280000000000000000000000000000000000000000000000000000000000000000000000000000000000000000000000000000000000000000000000002302201700000000            000000000000000                              000                           
0010001300303T 280180230000001544772 29577050286437071   788888888888889924012017000000000007500001000000888888888888899          0900000000000000000000000000000000000000000000000000000   000000000000000000000005002        170192957705     
0010001300304U 280000000000000000000000000000000000000000000000000000000000000000000000000000000000000000000000000000000000000000000000002302201700000000            000000000000000                              000                           
00100015         000306004173000000000319640000000000000000000000000000000000000000000000000000000000000000000000000000000000000000000000000000000                                                                                              
00199999         000001000308000000                                                                                                                                                            00000000000000000000000000000                    
