00100000         2247745860001000029577050014       0180230000001544772 INSTITUTO DE SELECAO E TECNOLOBANCO DO BRASIL                         20303201701113600011603000000515122941PROCESSAMEN                                                 
00100011T0100020 20247745860001000029577050014       0180230000001544772 INSTITUTO DE SELECAO E TECNOLO                                                                                000000000303201700000000  000000000                      
0010001300001T 020180230000001544772 29577050068838768   7               05032017000000000007500001000213                         0900000000000010000000000000000000000000000000000000000   0000000000000000000000000A9        170192957705     
0010001300002U 020000000000000000000000000000000000000000000000000000000000000000000000000000000000000000000000000000000000000000000000000303201700000000            000000000000000                              000                           
0010001300003T 020180230000001544772 29577050112427242   7               0503201700000000000750000103049X                         0900000000000010500000000000000000000000000000000000000   0000000000000000000000000A9A4      170192957705     
0010001300004U 020000000000000000000000000000000000000000000000000000000000000000000000000000000000000000000000000000000000000000000000000303201700000000            000000000000000                              000                           
0010001300005T 020180230000001544772 29577050112500961   7               0503201700000000000750000103049X                         0900000000000010500000000000000000000000000000000000000   0000000000000000000000000A9A4      170192957705     
0010001300006U 020000000000000000000000000000000000000000000000000000000000000000000000000000000000000000000000000000000000000000000000000303201700000000            000000000000000                              000                           
0010001300007T 020180230000001544772 29577050112606854   7               0503201700000000000750000103049X                         0900000000000010500000000000000000000000000000000000000   0000000000000000000000000A9A4      170192957705     
0010001300008U 020000000000000000000000000000000000000000000000000000000000000000000000000000000000000000000000000000000000000000000000000303201700000000            000000000000000                              000                           
0010001300009T 020180230000001544772 29577050119548381   7               05032017000000000007500001012408                         0900000000000010000000000000000000000000000000000000000   0000000000000000000000000A9        170192957705     
0010001300010U 020000000000000000000000000000000000000000000000000000000000000000000000000000000000000000000000000000000000000000000000000303201700000000            000000000000000                              000                           
0010001300011T 020180230000001544772 29577050128036861   7               05032017000000000007500001000213                         0900000000000010000000000000000000000000000000000000000   0000000000000000000000000A9        170192957705     
0010001300012U 020000000000000000000000000000000000000000000000000000000000000000000000000000000000000000000000000000000000000000000000000303201700000000            000000000000000                              000                           
0010001300013T 020180230000001544772 29577050128039750   7               05032017000000000007500001000213                         0900000000000010000000000000000000000000000000000000000   0000000000000000000000000A9        170192957705     
0010001300014U 020000000000000000000000000000000000000000000000000000000000000000000000000000000000000000000000000000000000000000000000000303201700000000            000000000000000                              000                           
0010001300015T 020180230000001544772 29577050179422133   7               0503201700000000000750000103049X                         0900000000000010000000000000000000000000000000000000000   0000000000000000000000000A9        170192957705     
0010001300016U 020000000000000000000000000000000000000000000000000000000000000000000000000000000000000000000000000000000000000000000000000303201700000000            000000000000000                              000                           
0010001300017T 020180230000001544772 29577050183323090   7               05032017000000000007500001012416                         0900000000000010000000000000000000000000000000000000000   0000000000000000000000000A9        170192957705     
0010001300018U 020000000000000000000000000000000000000000000000000000000000000000000000000000000000000000000000000000000000000000000000000303201700000000            000000000000000                              000                           
0010001300019T 020180230000001544772 29577050183326303   7               05032017000000000007500001012416                         0900000000000010000000000000000000000000000000000000000   0000000000000000000000000A9        170192957705     
0010001300020U 020000000000000000000000000000000000000000000000000000000000000000000000000000000000000000000000000000000000000000000000000303201700000000            000000000000000                              000                           
0010001300021T 020180230000001544772 29577050183337032   7               05032017000000000007500001012416                         0900000000000010000000000000000000000000000000000000000   0000000000000000000000000A9        170192957705     
0010001300022U 020000000000000000000000000000000000000000000000000000000000000000000000000000000000000000000000000000000000000000000000000303201700000000            000000000000000                              000                           
0010001300023T 020180230000001544772 29577050183338950   7               05032017000000000007500001012416                         0900000000000010000000000000000000000000000000000000000   0000000000000000000000000A9        170192957705     
0010001300024U 020000000000000000000000000000000000000000000000000000000000000000000000000000000000000000000000000000000000000000000000000303201700000000            000000000000000                              000                           
0010001300025T 020180230000001544772 29577050184342059   7               05032017000000000010000001000051                         0900000000000010000000000000000000000000000000000000000   0000000000000000000000000A9        170192957705     
0010001300026U 020000000000000000000000000000000000000000000000000000000000000000000000000000000000000000000000000000000000000000000000000303201700000000            000000000000000                              000                           
0010001300027T 020180230000001544772 29577050184837265   7               05032017000000000010000001000213                         0900000000000010000000000000000000000000000000000000000   0000000000000000000000000A9        170192957705     
0010001300028U 020000000000000000000000000000000000000000000000000000000000000000000000000000000000000000000000000000000000000000000000000303201700000000            000000000000000                              000                           
0010001300029T 020180230000001544772 29577050188605255   7               05032017000000000007500001012416                         0900000000000010000000000000000000000000000000000000000   0000000000000000000000000A9        170192957705     
0010001300030U 020000000000000000000000000000000000000000000000000000000000000000000000000000000000000000000000000000000000000000000000000303201700000000            000000000000000                              000                           
0010001300031T 020180230000001544772 29577050188628686   7               05032017000000000007500001012416                         0900000000000010000000000000000000000000000000000000000   0000000000000000000000000A9        170192957705     
0010001300032U 020000000000000000000000000000000000000000000000000000000000000000000000000000000000000000000000000000000000000000000000000303201700000000            000000000000000                              000                           
0010001300033T 020180230000001544772 29577050188632659   7               05032017000000000007500001012416                         0900000000000010000000000000000000000000000000000000000   0000000000000000000000000A9        170192957705     
0010001300034U 020000000000000000000000000000000000000000000000000000000000000000000000000000000000000000000000000000000000000000000000000303201700000000            000000000000000                              000                           
0010001300035T 020180230000001544772 29577050188633029   7               05032017000000000007500001012416                         0900000000000010000000000000000000000000000000000000000   0000000000000000000000000A9        170192957705     
0010001300036U 020000000000000000000000000000000000000000000000000000000000000000000000000000000000000000000000000000000000000000000000000303201700000000            000000000000000                              000                           
0010001300037T 020180230000001544772 29577050216616907   7               0503201700000000000750000103049X                         0900000000000010000000000000000000000000000000000000000   0000000000000000000000000A9        170192957705     
0010001300038U 020000000000000000000000000000000000000000000000000000000000000000000000000000000000000000000000000000000000000000000000000303201700000000            000000000000000                              000                           
0010001300039T 020180230000001544772 29577050263040328   7               05032017000000000007500001021121                         0900000000000010000000000000000000000000000000000000000   0000000000000000000000000A9        170192957705     
0010001300040U 020000000000000000000000000000000000000000000000000000000000000000000000000000000000000000000000000000000000000000000000000303201700000000            000000000000000                              000                           
0010001300041T 020180230000001544772 29577050263059870   7               05032017000000000007500001021121                         0900000000000010000000000000000000000000000000000000000   0000000000000000000000000A9        170192957705     
0010001300042U 020000000000000000000000000000000000000000000000000000000000000000000000000000000000000000000000000000000000000000000000000303201700000000            000000000000000                              000                           
0010001300043T 020180230000001544772 29577050263953693   7               05032017000000000007500001021121                         0900000000000010000000000000000000000000000000000000000   0000000000000000000000000A9        170192957705     
0010001300044U 020000000000000000000000000000000000000000000000000000000000000000000000000000000000000000000000000000000000000000000000000303201700000000            000000000000000                              000                           
0010001300045T 020180230000001544772 29577050266612669   7               05032017000000000007500001012408                         0900000000000010000000000000000000000000000000000000000   0000000000000000000000000A9        170192957705     
0010001300046U 020000000000000000000000000000000000000000000000000000000000000000000000000000000000000000000000000000000000000000000000000303201700000000            000000000000000                              000                           
0010001300047T 020180230000001544772 29577050277448342   7               05032017000000000010000001000213                         0900000000000010000000000000000000000000000000000000000   0000000000000000000000000A9        170192957705     
0010001300048U 020000000000000000000000000000000000000000000000000000000000000000000000000000000000000000000000000000000000000000000000000303201700000000            000000000000000                              000                           
0010001300049T 020180230000001544772 29577050285736305   7               05032017000000000007500001000213                         0900000000000010500000000000000000000000000000000000000   0000000000000000000000000A9A4      170192957705     
0010001300050U 020000000000000000000000000000000000000000000000000000000000000000000000000000000000000000000000000000000000000000000000000303201700000000            000000000000000                              000                           
0010001300051T 020180230000001544772 29577050290120287   7               05032017000000000007500001012408                         0900000000000010000000000000000000000000000000000000000   0000000000000000000000000A9        170192957705     
0010001300052U 020000000000000000000000000000000000000000000000000000000000000000000000000000000000000000000000000000000000000000000000000303201700000000            000000000000000                              000                           
0010001300053T 020180230000001544772 29577050372007990   7               05032017000000000007500001012408                         0900000000000010000000000000000000000000000000000000000   0000000000000000000000000A9        170192957705     
0010001300054U 020000000000000000000000000000000000000000000000000000000000000000000000000000000000000000000000000000000000000000000000000303201700000000            000000000000000                              000                           
0010001300055T 020180230000001544772 29577050425507156   7               05032017000000000007500001000833                         0900000000000010000000000000000000000000000000000000000   0000000000000000000000000A9        170192957705     
0010001300056U 020000000000000000000000000000000000000000000000000000000000000000000000000000000000000000000000000000000000000000000000000303201700000000            000000000000000                              000                           
0010001300057T 020180230000001544772 29577050425514542   7               05032017000000000007500001000833                         0900000000000010000000000000000000000000000000000000000   0000000000000000000000000A9        170192957705     
0010001300058U 020000000000000000000000000000000000000000000000000000000000000000000000000000000000000000000000000000000000000000000000000303201700000000            000000000000000                              000                           
0010001300059T 020180230000001544772 29577050425525283   7               05032017000000000007500001000833                         0900000000000010000000000000000000000000000000000000000   0000000000000000000000000A9        170192957705     
0010001300060U 020000000000000000000000000000000000000000000000000000000000000000000000000000000000000000000000000000000000000000000000000303201700000000            000000000000000                              000                           
0010001300061T 020180230000001544772 29577050425917648   7               0503201700000000000750000100281X                         0900000000000010000000000000000000000000000000000000000   0000000000000000000000000A9        170192957705     
0010001300062U 020000000000000000000000000000000000000000000000000000000000000000000000000000000000000000000000000000000000000000000000000303201700000000            000000000000000                              000                           
0010001300063T 020180230000001544772 29577050443359421   7               05032017000000000007500001000213                         0900000000000010000000000000000000000000000000000000000   0000000000000000000000000A9        170192957705     
0010001300064U 020000000000000000000000000000000000000000000000000000000000000000000000000000000000000000000000000000000000000000000000000303201700000000            000000000000000                              000                           
0010001300065T 020180230000001544772 29577050455135747   7               05032017000000000007500001004782                         0900000000000010000000000000000000000000000000000000000   0000000000000000000000000A9        170192957705     
0010001300066U 020000000000000000000000000000000000000000000000000000000000000000000000000000000000000000000000000000000000000000000000000303201700000000            000000000000000                              000                           
0010001300067T 020180230000001544772 29577050475027979   7               0503201700000000000750000103049X                         0900000000000010000000000000000000000000000000000000000   0000000000000000000000000A9        170192957705     
0010001300068U 020000000000000000000000000000000000000000000000000000000000000000000000000000000000000000000000000000000000000000000000000303201700000000            000000000000000                              000                           
0010001300069T 020180230000001544772 29577050475103239   7               0503201700000000000750000103049X                         0900000000000010000000000000000000000000000000000000000   0000000000000000000000000A9        170192957705     
0010001300070U 020000000000000000000000000000000000000000000000000000000000000000000000000000000000000000000000000000000000000000000000000303201700000000            000000000000000                              000                           
0010001300071T 020180230000001544772 29577050482933287   7               05032017000000000007500001012408                         0900000000000010000000000000000000000000000000000000000   0000000000000000000000000A9        170192957705     
0010001300072U 020000000000000000000000000000000000000000000000000000000000000000000000000000000000000000000000000000000000000000000000000303201700000000            000000000000000                              000                           
0010001300073T 020180230000001544772 29577050500956761   7               0503201700000000000750000100829X                         0900000000000010500000000000000000000000000000000000000   0000000000000000000000000A9A4      170192957705     
0010001300074U 020000000000000000000000000000000000000000000000000000000000000000000000000000000000000000000000000000000000000000000000000303201700000000            000000000000000                              000                           
0010001300075T 020180230000001544772 29577050514751612   7               0503201700000000000750000103049X                         0900000000000010000000000000000000000000000000000000000   0000000000000000000000000A9        170192957705     
0010001300076U 020000000000000000000000000000000000000000000000000000000000000000000000000000000000000000000000000000000000000000000000000303201700000000            000000000000000                              000                           
0010001300077T 020180230000001544772 29577050540703147   7               05032017000000000007500001000213                         0900000000000010000000000000000000000000000000000000000   0000000000000000000000000A9        170192957705     
0010001300078U 020000000000000000000000000000000000000000000000000000000000000000000000000000000000000000000000000000000000000000000000000303201700000000            000000000000000                              000                           
0010001300079T 020180230000001544772 29577050540704511   7               05032017000000000007500001000213                         0900000000000010000000000000000000000000000000000000000   0000000000000000000000000A9        170192957705     
0010001300080U 020000000000000000000000000000000000000000000000000000000000000000000000000000000000000000000000000000000000000000000000000303201700000000            000000000000000                              000                           
0010001300081T 020180230000001544772 29577050546030746   7               05032017000000000010000001001880                         0900000000000010000000000000000000000000000000000000000   0000000000000000000000000A9        170192957705     
0010001300082U 020000000000000000000000000000000000000000000000000000000000000000000000000000000000000000000000000000000000000000000000000303201700000000            000000000000000                              000                           
0010001300083T 020180230000001544772 29577050578548670   7               05032017000000000007500001000213                         0900000000000010000000000000000000000000000000000000000   0000000000000000000000000A9        170192957705     
0010001300084U 020000000000000000000000000000000000000000000000000000000000000000000000000000000000000000000000000000000000000000000000000303201700000000            000000000000000                              000                           
0010001300085T 020180230000001544772 29577050612828336   7               05032017000000000007500001010561                         0900000000000010000000000000000000000000000000000000000   0000000000000000000000000A9        170192957705     
0010001300086U 020000000000000000000000000000000000000000000000000000000000000000000000000000000000000000000000000000000000000000000000000303201700000000            000000000000000                              000                           
0010001300087T 020180230000001544772 29577050680004583   7               05032017000000000010000001000213                         0900000000000010000000000000000000000000000000000000000   0000000000000000000000000A9        170192957705     
0010001300088U 020000000000000000000000000000000000000000000000000000000000000000000000000000000000000000000000000000000000000000000000000303201700000000            000000000000000                              000                           
0010001300089T 020180230000001544772 29577050778122543   7               05032017000000000007500001000213                         0900000000000010000000000000000000000000000000000000000   0000000000000000000000000A9        170192957705     
0010001300090U 020000000000000000000000000000000000000000000000000000000000000000000000000000000000000000000000000000000000000000000000000303201700000000            000000000000000                              000                           
0010001300091T 020180230000001544772 29577050790741965   7               0503201700000000000750000103049X                         0900000000000010000000000000000000000000000000000000000   0000000000000000000000000A9        170192957705     
0010001300092U 020000000000000000000000000000000000000000000000000000000000000000000000000000000000000000000000000000000000000000000000000303201700000000            000000000000000                              000                           
0010001300093T 020180230000001544772 29577050822441883   7               05032017000000000007500001000213                         0900000000000010000000000000000000000000000000000000000   0000000000000000000000000A9        170192957705     
0010001300094U 020000000000000000000000000000000000000000000000000000000000000000000000000000000000000000000000000000000000000000000000000303201700000000            000000000000000                              000                           
0010001300095T 020180230000001544772 29577050882154639   7               05032017000000000007500001004782                         0900000000000010000000000000000000000000000000000000000   0000000000000000000000000A9        170192957705     
0010001300096U 020000000000000000000000000000000000000000000000000000000000000000000000000000000000000000000000000000000000000000000000000303201700000000            000000000000000                              000                           
0010001300097T 020180230000001544772 29577050900726951   7               05032017000000000007500001000213                         0900000000000010000000000000000000000000000000000000000   0000000000000000000000000A9        170192957705     
0010001300098U 020000000000000000000000000000000000000000000000000000000000000000000000000000000000000000000000000000000000000000000000000303201700000000            000000000000000                              000                           
0010001300099T 020180230000001544772 29577050947646373   7               0503201700000000000750000103049X                         0900000000000010000000000000000000000000000000000000000   0000000000000000000000000A9        170192957705     
0010001300100U 020000000000000000000000000000000000000000000000000000000000000000000000000000000000000000000000000000000000000000000000000303201700000000            000000000000000                              000                           
0010001300101T 020180230000001544772 29577050974037440   7               05032017000000000007500001012408                         0900000000000010000000000000000000000000000000000000000   0000000000000000000000000A9        170192957705     
0010001300102U 020000000000000000000000000000000000000000000000000000000000000000000000000000000000000000000000000000000000000000000000000303201700000000            000000000000000                              000                           
0010001300103T 020180230000001544772 29577050990339632   7               0503201700000000001000000101849X                         0900000000000010000000000000000000000000000000000000000   0000000000000000000000000A9        170192957705     
0010001300104U 020000000000000000000000000000000000000000000000000000000000000000000000000000000000000000000000000000000000000000000000000303201700000000            000000000000000                              000                           
0010001300105T 020180230000001544772 29577050991021087   7               0503201700000000000750000103049X                         0900000000000010000000000000000000000000000000000000000   0000000000000000000000000A9        170192957705     
0010001300106U 020000000000000000000000000000000000000000000000000000000000000000000000000000000000000000000000000000000000000000000000000303201700000000            000000000000000                              000                           
0010001300107T 020180230000001544772 29577050993358719   7               05032017000000000007500001000213                         0900000000000010000000000000000000000000000000000000000   0000000000000000000000000A9        170192957705     
0010001300108U 020000000000000000000000000000000000000000000000000000000000000000000000000000000000000000000000000000000000000000000000000303201700000000            000000000000000                              000                           
0010001300109T 020180230000001544772 29577050998915555   7               04032017000000000007500001001120                         0900000000000010000000000000000000000000000000000000000   0000000000000000000000000A9        170192957705     
0010001300110U 020000000000000000000000000000000000000000000000000000000000000000000000000000000000000000000000000000000000000000000000000203201700000000            000000000000000                              000                           
0010001300111T 020180230000001544772 29577050999000859   7               04032017000000000007500001001120                         0900000000000010000000000000000000000000000000000000000   0000000000000000000000000A9        170192957705     
0010001300112U 020000000000000000000000000000000000000000000000000000000000000000000000000000000000000000000000000000000000000000000000000203201700000000            000000000000000                              000                           
0010001300113T 020180230000001544772 29577050999619694   7               05032017000000000010000001012416                         0900000000000010000000000000000000000000000000000000000   0000000000000000000000000A9        170192957705     
0010001300114U 020000000000000000000000000000000000000000000000000000000000000000000000000000000000000000000000000000000000000000000000000303201700000000            000000000000000                              000                           
0010001300115T 020180230000001544772 29577050999629811   7               04032017000000000010000001012416                         0900000000000010000000000000000000000000000000000000000   0000000000000000000000000A9        170192957705     
0010001300116U 020000000000000000000000000000000000000000000000000000000000000000000000000000000000000000000000000000000000000000000000000203201700000000            000000000000000                              000                           
0010001300117T 020180230000001544772 29577050999715558   7               04032017000000000010000001012408                         0900000000000010000000000000000000000000000000000000000   0000000000000000000000000A9        170192957705     
0010001300118U 020000000000000000000000000000000000000000000000000000000000000000000000000000000000000000000000000000000000000000000000000203201700000000            000000000000000                              000                           
0010001300119T 020180230000001544772 29577050999740365   7               04032017000000000010000001012408                         0900000000000010000000000000000000000000000000000000000   0000000000000000000000000A9        170192957705     
0010001300120U 020000000000000000000000000000000000000000000000000000000000000000000000000000000000000000000000000000000000000000000000000203201700000000            000000000000000                              000                           
0010001300121T 020180230000001544772 29577051000229261   7               04032017000000000007500001012416                         0900000000000010500000000000000000000000000000000000000   0000000000000000000000000A9A4      170192957705     
0010001300122U 020000000000000000000000000000000000000000000000000000000000000000000000000000000000000000000000000000000000000000000000000203201700000000            000000000000000                              000                           
0010001300123T 020180230000001544772 29577051000853236   7               05032017000000000007500001000051                         0900000000000010000000000000000000000000000000000000000   0000000000000000000000000A9        170192957705     
0010001300124U 020000000000000000000000000000000000000000000000000000000000000000000000000000000000000000000000000000000000000000000000000303201700000000            000000000000000                              000                           
0010001300125T 020180230000001544772 29577051001332285   7               05032017000000000007500001000213                         0900000000000010000000000000000000000000000000000000000   0000000000000000000000000A9        170192957705     
0010001300126U 020000000000000000000000000000000000000000000000000000000000000000000000000000000000000000000000000000000000000000000000000303201700000000            000000000000000                              000                           
0010001300127T 020180230000001544772 29577051002124761   7               05032017000000000007500001012408                         0900000000000010000000000000000000000000000000000000000   0000000000000000000000000A9        170192957705     
0010001300128U 020000000000000000000000000000000000000000000000000000000000000000000000000000000000000000000000000000000000000000000000000303201700000000            000000000000000                              000                           
0010001300129T 020180230000001544772 29577051002458539   7               0503201700000000000750000103049X                         0900000000000010000000000000000000000000000000000000000   0000000000000000000000000A9        170192957705     
0010001300130U 020000000000000000000000000000000000000000000000000000000000000000000000000000000000000000000000000000000000000000000000000303201700000000            000000000000000                              000                           
0010001300131T 020180230000001544772 29577051003326495   7               05032017000000000007500001000833                         0900000000000010000000000000000000000000000000000000000   0000000000000000000000000A9        170192957705     
0010001300132U 020000000000000000000000000000000000000000000000000000000000000000000000000000000000000000000000000000000000000000000000000303201700000000            000000000000000                              000                           
0010001300133T 020180230000001544772 29577051004356290   7               05032017000000000007500001012416                         0900000000000010000000000000000000000000000000000000000   0000000000000000000000000A9        170192957705     
0010001300134U 020000000000000000000000000000000000000000000000000000000000000000000000000000000000000000000000000000000000000000000000000303201700000000            000000000000000                              000                           
0010001300135T 020180230000001544772 29577051006432636   7               05032017000000000010000001012408                         0900000000000010000000000000000000000000000000000000000   0000000000000000000000000A9        170192957705     
0010001300136U 020000000000000000000000000000000000000000000000000000000000000000000000000000000000000000000000000000000000000000000000000303201700000000            000000000000000                              000                           
0010001300137T 020180230000001544772 29577051006726538   7               0503201700000000000750000103049X                         0900000000000010000000000000000000000000000000000000000   0000000000000000000000000A9        170192957705     
0010001300138U 020000000000000000000000000000000000000000000000000000000000000000000000000000000000000000000000000000000000000000000000000303201700000000            000000000000000                              000                           
0010001300139T 020180230000001544772 29577051007631877   7               0503201700000000000750000103827X                         0900000000000010000000000000000000000000000000000000000   0000000000000000000000000A9        170192957705     
0010001300140U 020000000000000000000000000000000000000000000000000000000000000000000000000000000000000000000000000000000000000000000000000303201700000000            000000000000000                              000                           
0010001300141T 020180230000001544772 29577051007650498   7               0503201700000000000750000103827X                         0900000000000010000000000000000000000000000000000000000   0000000000000000000000000A9        170192957705     
0010001300142U 020000000000000000000000000000000000000000000000000000000000000000000000000000000000000000000000000000000000000000000000000303201700000000            000000000000000                              000                           
0010001300143T 020180230000001544772 29577051008714743   7               05032017000000000007500001012416                         0900000000000010000000000000000000000000000000000000000   0000000000000000000000000A9        170192957705     
0010001300144U 020000000000000000000000000000000000000000000000000000000000000000000000000000000000000000000000000000000000000000000000000303201700000000            000000000000000                              000                           
0010001300145T 020180230000001544772 29577051009051563   7               05032017000000000007500001028029                         0900000000000010000000000000000000000000000000000000000   0000000000000000000000000A9        170192957705     
0010001300146U 020000000000000000000000000000000000000000000000000000000000000000000000000000000000000000000000000000000000000000000000000303201700000000            000000000000000                              000                           
0010001300147T 020180230000001544772 29577051009344536   7               05032017000000000007500001000213                         0900000000000010000000000000000000000000000000000000000   0000000000000000000000000A9        170192957705     
0010001300148U 020000000000000000000000000000000000000000000000000000000000000000000000000000000000000000000000000000000000000000000000000303201700000000            000000000000000                              000                           
0010001300149T 020180230000001544772 29577051009834172   7               0503201700000000000750000103049X                         0900000000000010000000000000000000000000000000000000000   0000000000000000000000000A9        170192957705     
0010001300150U 020000000000000000000000000000000000000000000000000000000000000000000000000000000000000000000000000000000000000000000000000303201700000000            000000000000000                              000                           
0010001300151T 020180230000001544772 29577051009942975   7               05032017000000000007500001012408                         0900000000000010000000000000000000000000000000000000000   0000000000000000000000000A9        170192957705     
0010001300152U 020000000000000000000000000000000000000000000000000000000000000000000000000000000000000000000000000000000000000000000000000303201700000000            000000000000000                              000                           
0010001300153T 020180230000001544772 29577051010037105   7               05032017000000000007500001012408                         0900000000000010000000000000000000000000000000000000000   0000000000000000000000000A9        170192957705     
0010001300154U 020000000000000000000000000000000000000000000000000000000000000000000000000000000000000000000000000000000000000000000000000303201700000000            000000000000000                              000                           
0010001300155T 020180230000001544772 29577051010054628   7               05032017000000000007500001012408                         0900000000000010000000000000000000000000000000000000000   0000000000000000000000000A9        170192957705     
0010001300156U 020000000000000000000000000000000000000000000000000000000000000000000000000000000000000000000000000000000000000000000000000303201700000000            000000000000000                              000                           
0010001300157T 020180230000001544772 29577051010641276   7               0503201700000000000750000103049X                         0900000000000010000000000000000000000000000000000000000   0000000000000000000000000A9        170192957705     
0010001300158U 020000000000000000000000000000000000000000000000000000000000000000000000000000000000000000000000000000000000000000000000000303201700000000            000000000000000                              000                           
0010001300159T 020180230000001544772 29577051010823235   7               05032017000000000007500001004782                         0900000000000010000000000000000000000000000000000000000   0000000000000000000000000A9        170192957705     
0010001300160U 020000000000000000000000000000000000000000000000000000000000000000000000000000000000000000000000000000000000000000000000000303201700000000            000000000000000                              000                           
0010001300161T 020180230000001544772 29577051010927302   7               05032017000000000007500001000744                         0900000000000010500000000000000000000000000000000000000   0000000000000000000000000A9A4      170192957705     
0010001300162U 020000000000000000000000000000000000000000000000000000000000000000000000000000000000000000000000000000000000000000000000000303201700000000            000000000000000                              000                           
0010001300163T 020180230000001544772 29577051011033245   7               05032017000000000007500001012416                         0900000000000010000000000000000000000000000000000000000   0000000000000000000000000A9        170192957705     
0010001300164U 020000000000000000000000000000000000000000000000000000000000000000000000000000000000000000000000000000000000000000000000000303201700000000            000000000000000                              000                           
0010001300165T 020180230000001544772 29577051011229401   7               05032017000000000007500001000213                         0900000000000010000000000000000000000000000000000000000   0000000000000000000000000A9        170192957705     
0010001300166U 020000000000000000000000000000000000000000000000000000000000000000000000000000000000000000000000000000000000000000000000000303201700000000            000000000000000                              000                           
0010001300167T 020180230000001544772 29577051011232723   7               05032017000000000007500001000213                         0900000000000010000000000000000000000000000000000000000   0000000000000000000000000A9        170192957705     
0010001300168U 020000000000000000000000000000000000000000000000000000000000000000000000000000000000000000000000000000000000000000000000000303201700000000            000000000000000                              000                           
0010001300169T 020180230000001544772 29577051011424193   7               05032017000000000007500001000213                         0900000000000010000000000000000000000000000000000000000   0000000000000000000000000A9        170192957705     
0010001300170U 020000000000000000000000000000000000000000000000000000000000000000000000000000000000000000000000000000000000000000000000000303201700000000            000000000000000                              000                           
0010001300171T 020180230000001544772 29577051012412468   7               05032017000000000007500001012416                         0900000000000010000000000000000000000000000000000000000   0000000000000000000000000A9        170192957705     
0010001300172U 020000000000000000000000000000000000000000000000000000000000000000000000000000000000000000000000000000000000000000000000000303201700000000            000000000000000                              000                           
0010001300173T 020180230000001544772 29577051012555381   7               0503201700000000000750000103049X                         0900000000000010000000000000000000000000000000000000000   0000000000000000000000000A9        170192957705     
0010001300174U 020000000000000000000000000000000000000000000000000000000000000000000000000000000000000000000000000000000000000000000000000303201700000000            000000000000000                              000                           
0010001300175T 020180230000001544772 29577051012641816   7               0503201700000000000750000103049X                         0900000000000010000000000000000000000000000000000000000   0000000000000000000000000A9        170192957705     
0010001300176U 020000000000000000000000000000000000000000000000000000000000000000000000000000000000000000000000000000000000000000000000000303201700000000            000000000000000                              000                           
0010001300177T 020180230000001544772 29577051014250482   7               05032017000000000007500001030864                         0900000000000010000000000000000000000000000000000000000   0000000000000000000000000A9        170192957705     
0010001300178U 020000000000000000000000000000000000000000000000000000000000000000000000000000000000000000000000000000000000000000000000000303201700000000            000000000000000                              000                           
0010001300179T 020180230000001544772 29577051014309871   7               05032017000000000007500001012416                         0900000000000010000000000000000000000000000000000000000   0000000000000000000000000A9        170192957705     
0010001300180U 020000000000000000000000000000000000000000000000000000000000000000000000000000000000000000000000000000000000000000000000000303201700000000            000000000000000                              000                           
0010001300181T 020180230000001544772 29577051014819302   7               05032017000000000007500001000213                         0900000000000010000000000000000000000000000000000000000   0000000000000000000000000A9        170192957705     
0010001300182U 020000000000000000000000000000000000000000000000000000000000000000000000000000000000000000000000000000000000000000000000000303201700000000            000000000000000                              000                           
0010001300183T 020180230000001544772 29577051014836978   7               05032017000000000007500001000213                         0900000000000010000000000000000000000000000000000000000   0000000000000000000000000A9        170192957705     
0010001300184U 020000000000000000000000000000000000000000000000000000000000000000000000000000000000000000000000000000000000000000000000000303201700000000            000000000000000                              000                           
0010001300185T 020180230000001544772 29577051015747457   7               05032017000000000007500001000213                         0900000000000010000000000000000000000000000000000000000   0000000000000000000000000A9        170192957705     
0010001300186U 020000000000000000000000000000000000000000000000000000000000000000000000000000000000000000000000000000000000000000000000000303201700000000            000000000000000                              000                           
0010001300187T 020180230000001544772 29577051016138144   7               05032017000000000007500001002224                         0900000000000010000000000000000000000000000000000000000   0000000000000000000000000A9        170192957705     
0010001300188U 020000000000000000000000000000000000000000000000000000000000000000000000000000000000000000000000000000000000000000000000000303201700000000            000000000000000                              000                           
0010001300189T 020180230000001544772 29577051016236898   7               05032017000000000007500001002224                         0900000000000010000000000000000000000000000000000000000   0000000000000000000000000A9        170192957705     
0010001300190U 020000000000000000000000000000000000000000000000000000000000000000000000000000000000000000000000000000000000000000000000000303201700000000            000000000000000                              000                           
0010001300191T 020180230000001544772 29577051016345613   7               05032017000000000007500001000213                         0900000000000010000000000000000000000000000000000000000   0000000000000000000000000A9        170192957705     
0010001300192U 020000000000000000000000000000000000000000000000000000000000000000000000000000000000000000000000000000000000000000000000000303201700000000            000000000000000                              000                           
0010001300193T 020180230000001544772 29577051016619689   7               05032017000000000007500001000213                         0900000000000010000000000000000000000000000000000000000   0000000000000000000000000A9        170192957705     
0010001300194U 020000000000000000000000000000000000000000000000000000000000000000000000000000000000000000000000000000000000000000000000000303201700000000            000000000000000                              000                           
0010001300195T 020180230000001544772 29577051016840335   7               0503201700000000000750000103049X                         0900000000000010000000000000000000000000000000000000000   0000000000000000000000000A9        170192957705     
0010001300196U 020000000000000000000000000000000000000000000000000000000000000000000000000000000000000000000000000000000000000000000000000303201700000000            000000000000000                              000                           
0010001300197T 020180230000001544772 29577051016944049   7               05032017000000000010000001012408                         0900000000000010000000000000000000000000000000000000000   0000000000000000000000000A9        170192957705     
0010001300198U 020000000000000000000000000000000000000000000000000000000000000000000000000000000000000000000000000000000000000000000000000303201700000000            000000000000000                              000                           
0010001300199T 020180230000001544772 29577051016946346   7               05032017000000000010000001012408                         0900000000000010000000000000000000000000000000000000000   0000000000000000000000000A9        170192957705     
0010001300200U 020000000000000000000000000000000000000000000000000000000000000000000000000000000000000000000000000000000000000000000000000303201700000000            000000000000000                              000                           
0010001300201T 020180230000001544772 29577051017058473   7               0503201700000000000750000103049X                         0900000000000010000000000000000000000000000000000000000   0000000000000000000000000A9        170192957705     
0010001300202U 020000000000000000000000000000000000000000000000000000000000000000000000000000000000000000000000000000000000000000000000000303201700000000            000000000000000                              000                           
0010001300203T 020180230000001544772 29577051017502097   7               05032017000000000007500001000213                         0900000000000010000000000000000000000000000000000000000   0000000000000000000000000A9        170192957705     
0010001300204U 020000000000000000000000000000000000000000000000000000000000000000000000000000000000000000000000000000000000000000000000000303201700000000            000000000000000                              000                           
0010001300205T 020180230000001544772 29577051017807796   7               05032017000000000007500001000213                         0900000000000010000000000000000000000000000000000000000   0000000000000000000000000A9        170192957705     
0010001300206U 020000000000000000000000000000000000000000000000000000000000000000000000000000000000000000000000000000000000000000000000000303201700000000            000000000000000                              000                           
0010001300207T 020180230000001544772 29577051018139305   7               05032017000000000007500001012408                         0900000000000010000000000000000000000000000000000000000   0000000000000000000000000A9        170192957705     
0010001300208U 020000000000000000000000000000000000000000000000000000000000000000000000000000000000000000000000000000000000000000000000000303201700000000            000000000000000                              000                           
0010001300209T 020180230000001544772 29577051018229851   7               05032017000000000007500001004782                         0900000000000010000000000000000000000000000000000000000   0000000000000000000000000A9        170192957705     
0010001300210U 020000000000000000000000000000000000000000000000000000000000000000000000000000000000000000000000000000000000000000000000000303201700000000            000000000000000                              000                           
0010001300211T 020180230000001544772 29577051018259255   7               05032017000000000007500001004782                         0900000000000010000000000000000000000000000000000000000   0000000000000000000000000A9        170192957705     
0010001300212U 020000000000000000000000000000000000000000000000000000000000000000000000000000000000000000000000000000000000000000000000000303201700000000            000000000000000                              000                           
0010001300213T 020180230000001544772 29577051018739560   7               05032017000000000007500001000213                         0900000000000010000000000000000000000000000000000000000   0000000000000000000000000A9        170192957705     
0010001300214U 020000000000000000000000000000000000000000000000000000000000000000000000000000000000000000000000000000000000000000000000000303201700000000            000000000000000                              000                           
0010001300215T 020180230000001544772 29577051019057715   7               0503201700000000000750000103049X                         0900000000000010000000000000000000000000000000000000000   0000000000000000000000000A9        170192957705     
0010001300216U 020000000000000000000000000000000000000000000000000000000000000000000000000000000000000000000000000000000000000000000000000303201700000000            000000000000000                              000                           
0010001300217T 020180230000001544772 29577051020226848   7               0503201700000000000750000103049X                         0900000000000010000000000000000000000000000000000000000   0000000000000000000000000A9        170192957705     
0010001300218U 020000000000000000000000000000000000000000000000000000000000000000000000000000000000000000000000000000000000000000000000000303201700000000            000000000000000                              000                           
0010001300219T 020180230000001544772 29577051020353065   7               05032017000000000007500001012416                         0900000000000010000000000000000000000000000000000000000   0000000000000000000000000A9        170192957705     
0010001300220U 020000000000000000000000000000000000000000000000000000000000000000000000000000000000000000000000000000000000000000000000000303201700000000            000000000000000                              000                           
0010001300221T 020180230000001544772 29577051020527761   7               05032017000000000007500001012416                         0900000000000010000000000000000000000000000000000000000   0000000000000000000000000A9        170192957705     
0010001300222U 020000000000000000000000000000000000000000000000000000000000000000000000000000000000000000000000000000000000000000000000000303201700000000            000000000000000                              000                           
0010001300223T 020180230000001544772 29577051020806320   7               05032017000000000007500001000213                         0900000000000010500000000000000000000000000000000000000   0000000000000000000000000A9A4      170192957705     
0010001300224U 020000000000000000000000000000000000000000000000000000000000000000000000000000000000000000000000000000000000000000000000000303201700000000            000000000000000                              000                           
0010001300225T 020180230000001544772 29577051021404177   7               05032017000000000007500001012408                         0900000000000010000000000000000000000000000000000000000   0000000000000000000000000A9        170192957705     
0010001300226U 020000000000000000000000000000000000000000000000000000000000000000000000000000000000000000000000000000000000000000000000000303201700000000            000000000000000                              000                           
0010001300227T 020180230000001544772 29577051021506253   7               0503201700000000000750000103049X                         0900000000000010000000000000000000000000000000000000000   0000000000000000000000000A9        170192957705     
0010001300228U 020000000000000000000000000000000000000000000000000000000000000000000000000000000000000000000000000000000000000000000000000303201700000000            000000000000000                              000                           
0010001300229T 020180230000001544772 29577051021520862   7               0503201700000000000750000103049X                         0900000000000010000000000000000000000000000000000000000   0000000000000000000000000A9        170192957705     
0010001300230U 020000000000000000000000000000000000000000000000000000000000000000000000000000000000000000000000000000000000000000000000000303201700000000            000000000000000                              000                           
0010001300231T 020180230000001544772 29577051021521092   7               0503201700000000000750000103049X                         0900000000000010000000000000000000000000000000000000000   0000000000000000000000000A9        170192957705     
0010001300232U 020000000000000000000000000000000000000000000000000000000000000000000000000000000000000000000000000000000000000000000000000303201700000000            000000000000000                              000                           
0010001300233T 020180230000001544772 29577051021620401   7               0503201700000000000750000103049X                         0900000000000010000000000000000000000000000000000000000   0000000000000000000000000A9        170192957705     
0010001300234U 020000000000000000000000000000000000000000000000000000000000000000000000000000000000000000000000000000000000000000000000000303201700000000            000000000000000                              000                           
0010001300235T 020180230000001544772 29577051021856712   7               05032017000000000007500001000213                         0900000000000010000000000000000000000000000000000000000   0000000000000000000000000A9        170192957705     
0010001300236U 020000000000000000000000000000000000000000000000000000000000000000000000000000000000000000000000000000000000000000000000000303201700000000            000000000000000                              000                           
0010001300237T 020180230000001544772 29577051022152664   7               05032017000000000007500001012408                         0900000000000010000000000000000000000000000000000000000   0000000000000000000000000A9        170192957705     
0010001300238U 020000000000000000000000000000000000000000000000000000000000000000000000000000000000000000000000000000000000000000000000000303201700000000            000000000000000                              000                           
0010001300239T 020180230000001544772 29577051022338790   7               05032017000000000007500001012408                         0900000000000010000000000000000000000000000000000000000   0000000000000000000000000A9        170192957705     
0010001300240U 020000000000000000000000000000000000000000000000000000000000000000000000000000000000000000000000000000000000000000000000000303201700000000            000000000000000                              000                           
0010001300241T 020180230000001544772 29577051023645735   7               05032017000000000007500001012408                         0900000000000010000000000000000000000000000000000000000   0000000000000000000000000A9        170192957705     
0010001300242U 020000000000000000000000000000000000000000000000000000000000000000000000000000000000000000000000000000000000000000000000000303201700000000            000000000000000                              000                           
0010001300243T 020180230000001544772 29577051024331501   7               05032017000000000007500001002224                         0900000000000010000000000000000000000000000000000000000   0000000000000000000000000A9        170192957705     
0010001300244U 020000000000000000000000000000000000000000000000000000000000000000000000000000000000000000000000000000000000000000000000000303201700000000            000000000000000                              000                           
0010001300245T 020180230000001544772 29577051024418085   7               05032017000000000007500001046280                         0900000000000010000000000000000000000000000000000000000   0000000000000000000000000A9        170192957705     
0010001300246U 020000000000000000000000000000000000000000000000000000000000000000000000000000000000000000000000000000000000000000000000000303201700000000            000000000000000                              000                           
0010001300247T 020180230000001544772 29577051024725382   7               05032017000000000007500001046280                         0900000000000010000000000000000000000000000000000000000   0000000000000000000000000A9        170192957705     
0010001300248U 020000000000000000000000000000000000000000000000000000000000000000000000000000000000000000000000000000000000000000000000000303201700000000            000000000000000                              000                           
0010001300249T 020180230000001544772 29577051025619926   7               05032017000000000007500001012416                         0900000000000010000000000000000000000000000000000000000   0000000000000000000000000A9        170192957705     
0010001300250U 020000000000000000000000000000000000000000000000000000000000000000000000000000000000000000000000000000000000000000000000000303201700000000            000000000000000                              000                           
0010001300251T 060180230000001544772 29577050068838768   7               05032017000000000007500021002770                         0900000000000010000000000000000000000000000000000000000   000000000000000000000029000        170192957705     
0010001300252U 060000000000000000000000000000000000000000000000000000000000000000000000075000000000000072100000000000000000000000000000000303201706032017            000000000000000                              000                           
0010001300253T 060180230000001544772 29577050105944859   7               03032017000000000007500001002224                         0900000000000010000000000000000000000000000000000000000   000000000000000000000029000        170192957705     
0010001300254U 060000000000000000000000000000000000000000000000000000000000000000000000075000000000000072100000000000000000000000000000000303201706032017            000000000000000                              000                           
0010001300255T 060180230000001544772 29577050128039750   7               05032017000000000007500104020420                         0900000000000010000000000000000000000000000000000000000   000000000000000000000029000        170192957705     
0010001300256U 060000000000000000000000000000000000000000000000000000000000000000000000075000000000000072100000000000000000000000000000000303201706032017            000000000000000                              000                           
0010001300257T 060180230000001544772 29577050155806637   7               04032017000000000007500021001170                         0900000000000010000000000000000000000000000000000000000   000000000000000000000029000        170192957705     
0010001300258U 060000000000000000000000000000000000000000000000000000000000000000000000075000000000000072100000000000000000000000000000000303201706032017            000000000000000                              000                           
0010001300259T 060180230000001544772 29577050183338950   7               05032017000000000007500104005900                         0900000000000010000000000000000000000000000000000000000   000000000000000000000029000        170192957705     
0010001300260U 060000000000000000000000000000000000000000000000000000000000000000000000075000000000000072100000000000000000000000000000000303201706032017            000000000000000                              000                           
0010001300261T 060180230000001544772 29577050277448342   7               05032017000000000010000237037520                         0900000000000010000000000000000000000000000000000000000   000000000000000000000029000        170192957705     
0010001300262U 060000000000000000000000000000000000000000000000000000000000000000000000100000000000000097100000000000000000000000000000000303201706032017            000000000000000                              000                           
0010001300263T 060180230000001544772 29577050290907610   7               03032017000000000007500237004140                         0900000000000010000000000000000000000000000000000000000   000000000000000000000029000        170192957705     
0010001300264U 060000000000000000000000000000000000000000000000000000000000000000000000075000000000000072100000000000000000000000000000000303201706032017            000000000000000                              000                           
0010001300265T 060180230000001544772 29577050308448497   7               03032017000000000007500021001010                         0900000000000010000000000000000000000000000000000000000   000000000000000000000029000        170192957705     
0010001300266U 060000000000000000000000000000000000000000000000000000000000000000000000075000000000000072100000000000000000000000000000000303201706032017            000000000000000                              000                           
0010001300267T 060180230000001544772 29577050331919598   7               04032017000000000010000021001530                         0900000000000010000000000000000000000000000000000000000   000000000000000000000029000        170192957705     
0010001300268U 060000000000000000000000000000000000000000000000000000000000000000000000100000000000000097100000000000000000000000000000000303201706032017            000000000000000                              000                           
0010001300269T 060180230000001544772 29577050353515949   7               03032017000000000007500001002224                         0900000000000010000000000000000000000000000000000000000   000000000000000000000029000        170192957705     
0010001300270U 060000000000000000000000000000000000000000000000000000000000000000000000075000000000000072100000000000000000000000000000000303201706032017            000000000000000                              000                           
0010001300271T 060180230000001544772 29577050393111768   7               04032017000000000007500033007730                         0900000000000010000000000000000000000000000000000000000   000000000000000000000029000        170192957705     
0010001300272U 060000000000000000000000000000000000000000000000000000000000000000000000075000000000000072100000000000000000000000000000000303201706032017            000000000000000                              000                           
0010001300273T 060180230000001544772 29577050487932965   7               04032017000000000007500021002050                         0900000000000010000000000000000000000000000000000000000   000000000000000000000029000        170192957705     
0010001300274U 060000000000000000000000000000000000000000000000000000000000000000000000075000000000000072100000000000000000000000000000000303201706032017            000000000000000                              000                           
0010001300275T 060180230000001544772 29577050500956761   7               05032017000000000007500104010340                         0900000000000010000000000000000000000000000000000000000   000000000000000000000029000        170192957705     
0010001300276U 060000000000000000000000000000000000000000000000000000000000000000000000075000000000000072100000000000000000000000000000000303201706032017            000000000000000                              000                           
0010001300277T 060180230000001544772 29577050514751612   7               05032017000000000007500001078166                         0900000000000010000000000000000000000000000000000000000   000000000000000000000029000        170192957705     
0010001300278U 060000000000000000000000000000000000000000000000000000000000000000000000075000000000000072100000000000000000000000000000000303201706032017            000000000000000                              000                           
0010001300279T 060180230000001544772 29577050578548670   7               05032017000000000007500104025030                         0900000000000010000000000000000000000000000000000000000   000000000000000000000029000        170192957705     
0010001300280U 060000000000000000000000000000000000000000000000000000000000000000000000075000000000000072100000000000000000000000000000000303201706032017            000000000000000                              000                           
0010001300281T 060180230000001544772 29577050612828336   7               05032017000000000007500001050423                         0900000000000010000000000000000000000000000000000000000   000000000000000000000029000        170192957705     
0010001300282U 060000000000000000000000000000000000000000000000000000000000000000000000075000000000000072100000000000000000000000000000000303201706032017            000000000000000                              000                           
0010001300283T 060180230000001544772 29577050680004583   7               05032017000000000010000341048670                         0900000000000010000000000000000000000000000000000000000   000000000000000000000029000        170192957705     
0010001300284U 060000000000000000000000000000000000000000000000000000000000000000000000100000000000000097100000000000000000000000000000000303201706032017            000000000000000                              000                           
0010001300285T 060180230000001544772 29577050688257418   7               03032017000000000007500001029300                         0900000000000010000000000000000000000000000000000000000   000000000000000000000029000        170192957705     
0010001300286U 060000000000000000000000000000000000000000000000000000000000000000000000075000000000000072100000000000000000000000000000000303201706032017            000000000000000                              000                           
0010001300287T 060180230000001544772 29577050826510241   7               04032017000000000007500021000360                         0900000000000010000000000000000000000000000000000000000   000000000000000000000029000        170192957705     
0010001300288U 060000000000000000000000000000000000000000000000000000000000000000000000075000000000000072100000000000000000000000000000000303201706032017            000000000000000                              000                           
0010001300289T 060180230000001544772 29577050882154639   7               05032017000000000007500021001240                         0900000000000010000000000000000000000000000000000000000   000000000000000000000029000        170192957705     
0010001300290U 060000000000000000000000000000000000000000000000000000000000000000000000075000000000000072100000000000000000000000000000000303201706032017            000000000000000                              000                           
0010001300291T 060180230000001544772 29577050900726951   7               05032017000000000007500104001670                         0900000000000010000000000000000000000000000000000000000   000000000000000000000029000        170192957705     
0010001300292U 060000000000000000000000000000000000000000000000000000000000000000000000075000000000000072100000000000000000000000000000000303201706032017            000000000000000                              000                           
0010001300293T 170180230000001544772 29577050905421968   7               00000000000000000010000104041900                         0900000000000010000000000000000000000000000000000000000   000000000000000000000070003        170192957705     
0010001300294U 170000000000000000000000000000000000000000000000000000000000000000000000100000000000000093000000000000000000000000000000000303201706032017            000000000000000                              000                           
0010001300295T 060180230000001544772 29577050925844704   7               03032017000000000007500104025210                         0900000000000010000000000000000000000000000000000000000   000000000000000000000029000        170192957705     
0010001300296U 060000000000000000000000000000000000000000000000000000000000000000000000075000000000000072100000000000000000000000000000000303201706032017            000000000000000                              000                           
0010001300297T 060180230000001544772 29577050952933373   7               03032017000000000007500104001670                         0900000000000010000000000000000000000000000000000000000   000000000000000000000029000        170192957705     
0010001300298U 060000000000000000000000000000000000000000000000000000000000000000000000075000000000000072100000000000000000000000000000000303201706032017            000000000000000                              000                           
0010001300299T 060180230000001544772 29577050958445647   7               03032017000000000007500104008960                         0900000000000010000000000000000000000000000000000000000   000000000000000000000029000        170192957705     
0010001300300U 060000000000000000000000000000000000000000000000000000000000000000000000075000000000000072100000000000000000000000000000000303201706032017            000000000000000                              000                           
0010001300301T 060180230000001544772 29577050964809074   7               03032017000000000007500001029955                         0900000000000010000000000000000000000000000000000000000   000000000000000000000029000        170192957705     
0010001300302U 060000000000000000000000000000000000000000000000000000000000000000000000075000000000000072100000000000000000000000000000000303201706032017            000000000000000                              000                           
0010001300303T 060180230000001544772 29577050968309760   7               03032017000000000007500021001150                         0900000000000010000000000000000000000000000000000000000   000000000000000000000029000        170192957705     
0010001300304U 060000000000000000000000000000000000000000000000000000000000000000000000075000000000000072100000000000000000000000000000000303201706032017            000000000000000                              000                           
0010001300305T 060180230000001544772 29577050968653069   7               03032017000000000007500021001150                         0900000000000010000000000000000000000000000000000000000   000000000000000000000029000        170192957705     
0010001300306U 060000000000000000000000000000000000000000000000000000000000000000000000075000000000000072100000000000000000000000000000000303201706032017            000000000000000                              000                           
0010001300307T 060180230000001544772 29577050970543538   7               03032017000000000007500001046299                         0900000000000010000000000000000000000000000000000000000   000000000000000000000029000        170192957705     
0010001300308U 060000000000000000000000000000000000000000000000000000000000000000000000075000000000000072100000000000000000000000000000000303201706032017            000000000000000                              000                           
0010001300309T 060180230000001544772 29577050974037440   7               05032017000000000007500104016430                         0900000000000010000000000000000000000000000000000000000   000000000000000000000029000        170192957705     
0010001300310U 060000000000000000000000000000000000000000000000000000000000000000000000075000000000000072100000000000000000000000000000000303201706032017            000000000000000                              000                           
0010001300311T 060180230000001544772 29577050974129826   7               04032017000000000007500104016430                         0900000000000010000000000000000000000000000000000000000   000000000000000000000029000        170192957705     
0010001300312U 060000000000000000000000000000000000000000000000000000000000000000000000075000000000000072100000000000000000000000000000000303201706032017            000000000000000                              000                           
0010001300313T 060180230000001544772 29577050990339632   7               05032017000000000010000104008600                         0900000000000010000000000000000000000000000000000000000   000000000000000000000029000        170192957705     
0010001300314U 060000000000000000000000000000000000000000000000000000000000000000000000100000000000000097100000000000000000000000000000000303201706032017            000000000000000                              000                           
0010001300315T 060180230000001544772 29577050991021087   7               05032017000000000007500341016200                         0900000000000010000000000000000000000000000000000000000   000000000000000000000029000        170192957705     
0010001300316U 060000000000000000000000000000000000000000000000000000000000000000000000075000000000000072100000000000000000000000000000000303201706032017            000000000000000                              000                           
0010001300317T 060180230000001544772 29577050993859602   7               04032017000000000007500021002050                         0900000000000010000000000000000000000000000000000000000   000000000000000000000029000        170192957705     
0010001300318U 060000000000000000000000000000000000000000000000000000000000000000000000075000000000000072100000000000000000000000000000000303201706032017            000000000000000                              000                           
0010001300319T 060180230000001544772 29577051006432636   7               05032017000000000010000341042260                         0900000000000010000000000000000000000000000000000000000   000000000000000000000029000        170192957705     
0010001300320U 060000000000000000000000000000000000000000000000000000000000000000000000100000000000000097100000000000000000000000000000000303201706032017            000000000000000                              000                           
0010001300321T 060180230000001544772 29577051007631877   7               05032017000000000007500237012640                         0900000000000010000000000000000000000000000000000000000   000000000000000000000029000        170192957705     
0010001300322U 060000000000000000000000000000000000000000000000000000000000000000000000075000000000000072100000000000000000000000000000000303201706032017            000000000000000                              000                           
0010001300323T 060180230000001544772 29577051009834172   7               05032017000000000007500237037520                         0900000000000010000000000000000000000000000000000000000   000000000000000000000029000        170192957705     
0010001300324U 060000000000000000000000000000000000000000000000000000000000000000000000075000000000000072100000000000000000000000000000000303201706032017            000000000000000                              000                           
0010001300325T 060180230000001544772 29577051010054628   7               05032017000000000007500104001730                         0900000000000010000000000000000000000000000000000000000   000000000000000000000029000        170192957705     
0010001300326U 060000000000000000000000000000000000000000000000000000000000000000000000075000000000000072100000000000000000000000000000000303201706032017            000000000000000                              000                           
0010001300327T 060180230000001544772 29577051012412468   7               05032017000000000007500021001050                         0900000000000010000000000000000000000000000000000000000   000000000000000000000029000        170192957705     
0010001300328U 060000000000000000000000000000000000000000000000000000000000000000000000075000000000000072100000000000000000000000000000000303201706032017            000000000000000                              000                           
0010001300329T 060180230000001544772 29577051012641816   7               05032017000000000007500104021460                         0900000000000010000000000000000000000000000000000000000   000000000000000000000029000        170192957705     
0010001300330U 060000000000000000000000000000000000000000000000000000000000000000000000075000000000000072100000000000000000000000000000000303201706032017            000000000000000                              000                           
0010001300331T 060180230000001544772 29577051014836978   7               05032017000000000007500001044806                         0900000000000010000000000000000000000000000000000000000   000000000000000000000029000        170192957705     
0010001300332U 060000000000000000000000000000000000000000000000000000000000000000000000075000000000000072100000000000000000000000000000000303201706032017            000000000000000                              000                           
0010001300333T 060180230000001544772 29577051017058473   7               05032017000000000007500033022880                         0900000000000010000000000000000000000000000000000000000   000000000000000000000029000        170192957705     
0010001300334U 060000000000000000000000000000000000000000000000000000000000000000000000075000000000000072100000000000000000000000000000000303201706032017            000000000000000                              000                           
0010001300335T 060180230000001544772 29577051018259255   7               05032017000000000007500001004782                         0900000000000010000000000000000000000000000000000000000   000000000000000000000029000        170192957705     
0010001300336U 060000000000000000000000000000000000000000000000000000000000000000000000075000000000000072100000000000000000000000000000000303201706032017            000000000000000                              000                           
0010001300337T 060180230000001544772 29577051019057715   7               05032017000000000007500021000660                         0900000000000010000000000000000000000000000000000000000   000000000000000000000029000        170192957705     
0010001300338U 060000000000000000000000000000000000000000000000000000000000000000000000075000000000000072100000000000000000000000000000000303201706032017            000000000000000                              000                           
0010001300339T 060180230000001544772 29577051020353065   7               05032017000000000007500001002224                         0900000000000010000000000000000000000000000000000000000   000000000000000000000029000        170192957705     
0010001300340U 060000000000000000000000000000000000000000000000000000000000000000000000075000000000000072100000000000000000000000000000000303201706032017            000000000000000                              000                           
0010001300341T 280180230000001544772 29577050011639231   788888888888889902012017000000000010000001000000888888888888899          0900000000000000000000000000000000000000000000000000000   000000000000000000000005002        170192957705     
0010001300342U 280000000000000000000000000000000000000000000000000000000000000000000000000000000000000000000000000000000000000000000000000303201700000000            000000000000000                              000                           
0010001300343T 280180230000001544772 29577050032304675   788888888888889902012017000000000007500001000000888888888888899          0900000000000000000000000000000000000000000000000000000   000000000000000000000005002        170192957705     
0010001300344U 280000000000000000000000000000000000000000000000000000000000000000000000000000000000000000000000000000000000000000000000000303201700000000            000000000000000                              000                           
0010001300345T 280180230000001544772 29577050032318194   788888888888889902012017000000000007500001000000888888888888899          0900000000000000000000000000000000000000000000000000000   000000000000000000000005002        170192957705     
0010001300346U 280000000000000000000000000000000000000000000000000000000000000000000000000000000000000000000000000000000000000000000000000303201700000000            000000000000000                              000                           
0010001300347T 280180230000001544772 29577050032336522   788888888888889902012017000000000007500001000000888888888888899          0900000000000000000000000000000000000000000000000000000   000000000000000000000005002        170192957705     
0010001300348U 280000000000000000000000000000000000000000000000000000000000000000000000000000000000000000000000000000000000000000000000000303201700000000            000000000000000                              000                           
0010001300349T 280180230000001544772 29577050032341724   788888888888889902012017000000000007500001000000888888888888899          0900000000000000000000000000000000000000000000000000000   000000000000000000000005002        170192957705     
0010001300350U 280000000000000000000000000000000000000000000000000000000000000000000000000000000000000000000000000000000000000000000000000303201700000000            000000000000000                              000                           
0010001300351T 280180230000001544772 29577050046730301   788888888888889902012017000000000007500001000000888888888888899          0900000000000000000000000000000000000000000000000000000   000000000000000000000005002        170192957705     
0010001300352U 280000000000000000000000000000000000000000000000000000000000000000000000000000000000000000000000000000000000000000000000000303201700000000            000000000000000                              000                           
0010001300353T 280180230000001544772 29577050114016312   788888888888889902012017000000000007500001000000888888888888899          0900000000000000000000000000000000000000000000000000000   000000000000000000000005002        170192957705     
0010001300354U 280000000000000000000000000000000000000000000000000000000000000000000000000000000000000000000000000000000000000000000000000303201700000000            000000000000000                              000                           
0010001300355T 280180230000001544772 29577050114503475   788888888888889902012017000000000007500001000000888888888888899          0900000000000000000000000000000000000000000000000000000   000000000000000000000005002        170192957705     
0010001300356U 280000000000000000000000000000000000000000000000000000000000000000000000000000000000000000000000000000000000000000000000000303201700000000            000000000000000                              000                           
0010001300357T 280180230000001544772 29577050114535039   788888888888889902012017000000000007500001000000888888888888899          0900000000000000000000000000000000000000000000000000000   000000000000000000000005002        170192957705     
0010001300358U 280000000000000000000000000000000000000000000000000000000000000000000000000000000000000000000000000000000000000000000000000303201700000000            000000000000000                              000                           
0010001300359T 280180230000001544772 29577050114549655   788888888888889902012017000000000007500001000000888888888888899          0900000000000000000000000000000000000000000000000000000   000000000000000000000005002        170192957705     
0010001300360U 280000000000000000000000000000000000000000000000000000000000000000000000000000000000000000000000000000000000000000000000000303201700000000            000000000000000                              000                           
0010001300361T 280180230000001544772 29577050114707854   788888888888889902012017000000000007500001000000888888888888899          0900000000000000000000000000000000000000000000000000000   000000000000000000000005002        170192957705     
0010001300362U 280000000000000000000000000000000000000000000000000000000000000000000000000000000000000000000000000000000000000000000000000303201700000000            000000000000000                              000                           
0010001300363T 280180230000001544772 29577050115017530   788888888888889902012017000000000007500001000000888888888888899          0900000000000000000000000000000000000000000000000000000   000000000000000000000005002        170192957705     
0010001300364U 280000000000000000000000000000000000000000000000000000000000000000000000000000000000000000000000000000000000000000000000000303201700000000            000000000000000                              000                           
0010001300365T 280180230000001544772 29577050115146773   788888888888889902012017000000000007500001000000888888888888899          0900000000000000000000000000000000000000000000000000000   000000000000000000000005002        170192957705     
0010001300366U 280000000000000000000000000000000000000000000000000000000000000000000000000000000000000000000000000000000000000000000000000303201700000000            000000000000000                              000                           
0010001300367T 280180230000001544772 29577050115239728   788888888888889902012017000000000007500001000000888888888888899          0900000000000000000000000000000000000000000000000000000   000000000000000000000005002        170192957705     
0010001300368U 280000000000000000000000000000000000000000000000000000000000000000000000000000000000000000000000000000000000000000000000000303201700000000            000000000000000                              000                           
0010001300369T 280180230000001544772 29577050115357126   788888888888889902012017000000000007500001000000888888888888899          0900000000000000000000000000000000000000000000000000000   000000000000000000000005002        170192957705     
0010001300370U 280000000000000000000000000000000000000000000000000000000000000000000000000000000000000000000000000000000000000000000000000303201700000000            000000000000000                              000                           
0010001300371T 280180230000001544772 29577050115605527   788888888888889902012017000000000007500001000000888888888888899          0900000000000000000000000000000000000000000000000000000   000000000000000000000005002        170192957705     
0010001300372U 280000000000000000000000000000000000000000000000000000000000000000000000000000000000000000000000000000000000000000000000000303201700000000            000000000000000                              000                           
0010001300373T 280180230000001544772 29577050115628905   788888888888889902012017000000000007500001000000888888888888899          0900000000000000000000000000000000000000000000000000000   000000000000000000000005002        170192957705     
0010001300374U 280000000000000000000000000000000000000000000000000000000000000000000000000000000000000000000000000000000000000000000000000303201700000000            000000000000000                              000                           
0010001300375T 280180230000001544772 29577050115727788   788888888888889902012017000000000007500001000000888888888888899          0900000000000000000000000000000000000000000000000000000   000000000000000000000005002        170192957705     
0010001300376U 280000000000000000000000000000000000000000000000000000000000000000000000000000000000000000000000000000000000000000000000000303201700000000            000000000000000                              000                           
0010001300377T 280180230000001544772 29577050115742537   788888888888889902012017000000000007500001000000888888888888899          0900000000000000000000000000000000000000000000000000000   000000000000000000000005002        170192957705     
0010001300378U 280000000000000000000000000000000000000000000000000000000000000000000000000000000000000000000000000000000000000000000000000303201700000000            000000000000000                              000                           
0010001300379T 280180230000001544772 29577050115855510   788888888888889902012017000000000007500001000000888888888888899          0900000000000000000000000000000000000000000000000000000   000000000000000000000005002        170192957705     
0010001300380U 280000000000000000000000000000000000000000000000000000000000000000000000000000000000000000000000000000000000000000000000000303201700000000            000000000000000                              000                           
0010001300381T 280180230000001544772 29577050115954124   788888888888889902012017000000000007500001000000888888888888899          0900000000000000000000000000000000000000000000000000000   000000000000000000000005002        170192957705     
0010001300382U 280000000000000000000000000000000000000000000000000000000000000000000000000000000000000000000000000000000000000000000000000303201700000000            000000000000000                              000                           
0010001300383T 280180230000001544772 29577050116032553   788888888888889902012017000000000007500001000000888888888888899          0900000000000000000000000000000000000000000000000000000   000000000000000000000005002        170192957705     
0010001300384U 280000000000000000000000000000000000000000000000000000000000000000000000000000000000000000000000000000000000000000000000000303201700000000            000000000000000                              000                           
0010001300385T 280180230000001544772 29577050116133764   788888888888889902012017000000000007500001000000888888888888899          0900000000000000000000000000000000000000000000000000000   000000000000000000000005002        170192957705     
0010001300386U 280000000000000000000000000000000000000000000000000000000000000000000000000000000000000000000000000000000000000000000000000303201700000000            000000000000000                              000                           
0010001300387T 280180230000001544772 29577050116214129   788888888888889902012017000000000007500001000000888888888888899          0900000000000000000000000000000000000000000000000000000   000000000000000000000005002        170192957705     
0010001300388U 280000000000000000000000000000000000000000000000000000000000000000000000000000000000000000000000000000000000000000000000000303201700000000            000000000000000                              000                           
0010001300389T 280180230000001544772 29577050116315468   788888888888889902012017000000000007500001000000888888888888899          0900000000000000000000000000000000000000000000000000000   000000000000000000000005002        170192957705     
0010001300390U 280000000000000000000000000000000000000000000000000000000000000000000000000000000000000000000000000000000000000000000000000303201700000000            000000000000000                              000                           
0010001300391T 280180230000001544772 29577050116430111   788888888888889902012017000000000007500001000000888888888888899          0900000000000000000000000000000000000000000000000000000   000000000000000000000005002        170192957705     
0010001300392U 280000000000000000000000000000000000000000000000000000000000000000000000000000000000000000000000000000000000000000000000000303201700000000            000000000000000                              000                           
0010001300393T 280180230000001544772 29577050116527028   788888888888889902012017000000000007500001000000888888888888899          0900000000000000000000000000000000000000000000000000000   000000000000000000000005002        170192957705     
0010001300394U 280000000000000000000000000000000000000000000000000000000000000000000000000000000000000000000000000000000000000000000000000303201700000000            000000000000000                              000                           
0010001300395T 280180230000001544772 29577050116707651   788888888888889902012017000000000007500001000000888888888888899          0900000000000000000000000000000000000000000000000000000   000000000000000000000005002        170192957705     
0010001300396U 280000000000000000000000000000000000000000000000000000000000000000000000000000000000000000000000000000000000000000000000000303201700000000            000000000000000                              000                           
0010001300397T 280180230000001544772 29577050117152409   788888888888889902012017000000000007500001000000888888888888899          0900000000000000000000000000000000000000000000000000000   000000000000000000000005002        170192957705     
0010001300398U 280000000000000000000000000000000000000000000000000000000000000000000000000000000000000000000000000000000000000000000000000303201700000000            000000000000000                              000                           
0010001300399T 280180230000001544772 29577050117227502   788888888888889902012017000000000007500001000000888888888888899          0900000000000000000000000000000000000000000000000000000   000000000000000000000005002        170192957705     
0010001300400U 280000000000000000000000000000000000000000000000000000000000000000000000000000000000000000000000000000000000000000000000000303201700000000            000000000000000                              000                           
0010001300401T 280180230000001544772 29577050341720146   7               01022017000000000007500001000000                         0900000000000000000000000000000000000000000000000000000   000000000000000000000005002        170192957705     
0010001300402U 280000000000000000000000000000000000000000000000000000000000000000000000000000000000000000000000000000000000000000000000000303201700000000            000000000000000                              000                           
00100015         000404004531000000000346990000000000000000000000000000000000000000000000000000000000000000000000000000000000000000000000000000000                                                                                              
00199999         000001000406000000                                                                                                                                                            00000000000000000000000000000                    
