00100000         2247745860001000029577050014       0180230000001544772 INSTITUTO DE SELECAO E TECNOLOBANCO DO BRASIL                         20903201701231900012403000000515122941PROCESSAMEN                                                 
00100011T0100020 20247745860001000029577050014       0180230000001544772 INSTITUTO DE SELECAO E TECNOLO                                                                                000000000903201700000000  000000000                      
0010001300001T 020180230000001544772 29577050019308956   7               11032017000000000010000001012408                         0900000000000010000000000000000000000000000000000000000   0000000000000000000000000A9        170192957705     
0010001300002U 020000000000000000000000000000000000000000000000000000000000000000000000000000000000000000000000000000000000000000000000000903201700000000            000000000000000                              000                           
0010001300003T 020180230000001544772 29577050054707898   7               1103201700000000000750000103049X                         0900000000000010000000000000000000000000000000000000000   0000000000000000000000000A9        170192957705     
0010001300004U 020000000000000000000000000000000000000000000000000000000000000000000000000000000000000000000000000000000000000000000000000903201700000000            000000000000000                              000                           
0010001300005T 020180230000001544772 29577050058504923   7               11032017000000000007500001000213                         0900000000000010500000000000000000000000000000000000000   0000000000000000000000000A9A4      170192957705     
0010001300006U 020000000000000000000000000000000000000000000000000000000000000000000000000000000000000000000000000000000000000000000000000903201700000000            000000000000000                              000                           
0010001300007T 020180230000001544772 29577050081230101   7               1103201700000000000750000103049X                         0900000000000010000000000000000000000000000000000000000   0000000000000000000000000A9        170192957705     
0010001300008U 020000000000000000000000000000000000000000000000000000000000000000000000000000000000000000000000000000000000000000000000000903201700000000            000000000000000                              000                           
0010001300009T 020180230000001544772 29577050104113765   7               11032017000000000007500001012416                         0900000000000010000000000000000000000000000000000000000   0000000000000000000000000A9        170192957705     
0010001300010U 020000000000000000000000000000000000000000000000000000000000000000000000000000000000000000000000000000000000000000000000000903201700000000            000000000000000                              000                           
0010001300011T 020180230000001544772 29577050110118507   7               11032017000000000007500001000833                         0900000000000010000000000000000000000000000000000000000   0000000000000000000000000A9        170192957705     
0010001300012U 020000000000000000000000000000000000000000000000000000000000000000000000000000000000000000000000000000000000000000000000000903201700000000            000000000000000                              000                           
0010001300013T 020180230000001544772 29577050110128674   7               11032017000000000007500001000833                         0900000000000010000000000000000000000000000000000000000   0000000000000000000000000A9        170192957705     
0010001300014U 020000000000000000000000000000000000000000000000000000000000000000000000000000000000000000000000000000000000000000000000000903201700000000            000000000000000                              000                           
0010001300015T 020180230000001544772 29577050171814455   7               11032017000000000007500001000213                         0900000000000010000000000000000000000000000000000000000   0000000000000000000000000A9        170192957705     
0010001300016U 020000000000000000000000000000000000000000000000000000000000000000000000000000000000000000000000000000000000000000000000000903201700000000            000000000000000                              000                           
0010001300017T 020180230000001544772 29577050179447944   7               1103201700000000000750000103049X                         0900000000000010000000000000000000000000000000000000000   0000000000000000000000000A9        170192957705     
0010001300018U 020000000000000000000000000000000000000000000000000000000000000000000000000000000000000000000000000000000000000000000000000903201700000000            000000000000000                              000                           
0010001300019T 020180230000001544772 29577050188418895   7               11032017000000000010000001000213                         0900000000000010000000000000000000000000000000000000000   0000000000000000000000000A9        170192957705     
0010001300020U 020000000000000000000000000000000000000000000000000000000000000000000000000000000000000000000000000000000000000000000000000903201700000000            000000000000000                              000                           
0010001300021T 020180230000001544772 29577050281359706   7               11032017000000000010000001012408                         0900000000000010000000000000000000000000000000000000000   0000000000000000000000000A9        170192957705     
0010001300022U 020000000000000000000000000000000000000000000000000000000000000000000000000000000000000000000000000000000000000000000000000903201700000000            000000000000000                              000                           
0010001300023T 020180230000001544772 29577050302414483   7               11032017000000000007500001046280                         0900000000000010000000000000000000000000000000000000000   0000000000000000000000000A9        170192957705     
0010001300024U 020000000000000000000000000000000000000000000000000000000000000000000000000000000000000000000000000000000000000000000000000903201700000000            000000000000000                              000                           
0010001300025T 020180230000001544772 29577050314247390   7               11032017000000000007500001000213                         0900000000000010000000000000000000000000000000000000000   0000000000000000000000000A9        170192957705     
0010001300026U 020000000000000000000000000000000000000000000000000000000000000000000000000000000000000000000000000000000000000000000000000903201700000000            000000000000000                              000                           
0010001300027T 020180230000001544772 29577050321458947   7               1103201700000000000750000103049X                         0900000000000010000000000000000000000000000000000000000   0000000000000000000000000A9        170192957705     
0010001300028U 020000000000000000000000000000000000000000000000000000000000000000000000000000000000000000000000000000000000000000000000000903201700000000            000000000000000                              000                           
0010001300029T 020180230000001544772 29577050356210910   7               11032017000000000007500001012408                         0900000000000010000000000000000000000000000000000000000   0000000000000000000000000A9        170192957705     
0010001300030U 020000000000000000000000000000000000000000000000000000000000000000000000000000000000000000000000000000000000000000000000000903201700000000            000000000000000                              000                           
0010001300031T 020180230000001544772 29577050356249503   7               11032017000000000007500001012408                         0900000000000010000000000000000000000000000000000000000   0000000000000000000000000A9        170192957705     
0010001300032U 020000000000000000000000000000000000000000000000000000000000000000000000000000000000000000000000000000000000000000000000000903201700000000            000000000000000                              000                           
0010001300033T 020180230000001544772 29577050359955953   7               11032017000000000007500001012416                         0900000000000010000000000000000000000000000000000000000   0000000000000000000000000A9        170192957705     
0010001300034U 020000000000000000000000000000000000000000000000000000000000000000000000000000000000000000000000000000000000000000000000000903201700000000            000000000000000                              000                           
0010001300035T 020180230000001544772 29577050383926113   7               1103201700000000000750000100829X                         0900000000000010000000000000000000000000000000000000000   0000000000000000000000000A9        170192957705     
0010001300036U 020000000000000000000000000000000000000000000000000000000000000000000000000000000000000000000000000000000000000000000000000903201700000000            000000000000000                              000                           
0010001300037T 020180230000001544772 29577050389837794   7               1103201700000000000750000103049X                         0900000000000010000000000000000000000000000000000000000   0000000000000000000000000A9        170192957705     
0010001300038U 020000000000000000000000000000000000000000000000000000000000000000000000000000000000000000000000000000000000000000000000000903201700000000            000000000000000                              000                           
0010001300039T 020180230000001544772 29577050391422980   7               1103201700000000000750000103049X                         0900000000000010000000000000000000000000000000000000000   0000000000000000000000000A9        170192957705     
0010001300040U 020000000000000000000000000000000000000000000000000000000000000000000000000000000000000000000000000000000000000000000000000903201700000000            000000000000000                              000                           
0010001300041T 020180230000001544772 29577050391437906   7               1103201700000000000750000103049X                         0900000000000010000000000000000000000000000000000000000   0000000000000000000000000A9        170192957705     
0010001300042U 020000000000000000000000000000000000000000000000000000000000000000000000000000000000000000000000000000000000000000000000000903201700000000            000000000000000                              000                           
0010001300043T 020180230000001544772 29577050391451018   7               1103201700000000000750000103049X                         0900000000000010000000000000000000000000000000000000000   0000000000000000000000000A9        170192957705     
0010001300044U 020000000000000000000000000000000000000000000000000000000000000000000000000000000000000000000000000000000000000000000000000903201700000000            000000000000000                              000                           
0010001300045T 020180230000001544772 29577050391452991   7               1103201700000000000750000103049X                         0900000000000010000000000000000000000000000000000000000   0000000000000000000000000A9        170192957705     
0010001300046U 020000000000000000000000000000000000000000000000000000000000000000000000000000000000000000000000000000000000000000000000000903201700000000            000000000000000                              000                           
0010001300047T 020180230000001544772 29577050421714821   7               11032017000000000007500001012416                         0900000000000010000000000000000000000000000000000000000   0000000000000000000000000A9        170192957705     
0010001300048U 020000000000000000000000000000000000000000000000000000000000000000000000000000000000000000000000000000000000000000000000000903201700000000            000000000000000                              000                           
0010001300049T 020180230000001544772 29577050469845205   7               11032017000000000007500001012408                         0900000000000010000000000000000000000000000000000000000   0000000000000000000000000A9        170192957705     
0010001300050U 020000000000000000000000000000000000000000000000000000000000000000000000000000000000000000000000000000000000000000000000000903201700000000            000000000000000                              000                           
0010001300051T 020180230000001544772 29577050495951156   7               11032017000000000007500001000213                         0900000000000010000000000000000000000000000000000000000   0000000000000000000000000A9        170192957705     
0010001300052U 020000000000000000000000000000000000000000000000000000000000000000000000000000000000000000000000000000000000000000000000000903201700000000            000000000000000                              000                           
0010001300053T 020180230000001544772 29577050503208463   7               11032017000000000007500001000213                         0900000000000010000000000000000000000000000000000000000   0000000000000000000000000A9        170192957705     
0010001300054U 020000000000000000000000000000000000000000000000000000000000000000000000000000000000000000000000000000000000000000000000000903201700000000            000000000000000                              000                           
0010001300055T 020180230000001544772 29577050503441327   7               11032017000000000007500001000213                         0900000000000010000000000000000000000000000000000000000   0000000000000000000000000A9        170192957705     
0010001300056U 020000000000000000000000000000000000000000000000000000000000000000000000000000000000000000000000000000000000000000000000000903201700000000            000000000000000                              000                           
0010001300057T 020180230000001544772 29577050532108504   7               1103201700000000000750000103049X                         0900000000000010000000000000000000000000000000000000000   0000000000000000000000000A9        170192957705     
0010001300058U 020000000000000000000000000000000000000000000000000000000000000000000000000000000000000000000000000000000000000000000000000903201700000000            000000000000000                              000                           
0010001300059T 020180230000001544772 29577050536342914   7               11032017000000000007500001012408                         0900000000000010000000000000000000000000000000000000000   0000000000000000000000000A9        170192957705     
0010001300060U 020000000000000000000000000000000000000000000000000000000000000000000000000000000000000000000000000000000000000000000000000903201700000000            000000000000000                              000                           
0010001300061T 020180230000001544772 29577050778133351   7               11032017000000000007500001000213                         0900000000000010000000000000000000000000000000000000000   0000000000000000000000000A9        170192957705     
0010001300062U 020000000000000000000000000000000000000000000000000000000000000000000000000000000000000000000000000000000000000000000000000903201700000000            000000000000000                              000                           
0010001300063T 020180230000001544772 29577050859306313   7               11032017000000000007500001012408                         0900000000000010000000000000000000000000000000000000000   0000000000000000000000000A9        170192957705     
0010001300064U 020000000000000000000000000000000000000000000000000000000000000000000000000000000000000000000000000000000000000000000000000903201700000000            000000000000000                              000                           
0010001300065T 020180230000001544772 29577050900752486   7               11032017000000000007500001000213                         0900000000000010000000000000000000000000000000000000000   0000000000000000000000000A9        170192957705     
0010001300066U 020000000000000000000000000000000000000000000000000000000000000000000000000000000000000000000000000000000000000000000000000903201700000000            000000000000000                              000                           
0010001300067T 020180230000001544772 29577050905622918   7               1103201700000000000750000103049X                         0900000000000010000000000000000000000000000000000000000   0000000000000000000000000A9        170192957705     
0010001300068U 020000000000000000000000000000000000000000000000000000000000000000000000000000000000000000000000000000000000000000000000000903201700000000            000000000000000                              000                           
0010001300069T 020180230000001544772 29577050905633317   7               1103201700000000000750000103049X                         0900000000000010000000000000000000000000000000000000000   0000000000000000000000000A9        170192957705     
0010001300070U 020000000000000000000000000000000000000000000000000000000000000000000000000000000000000000000000000000000000000000000000000903201700000000            000000000000000                              000                           
0010001300071T 020180230000001544772 29577050933236519   7               11032017000000000007500001009245                         0900000000000010000000000000000000000000000000000000000   0000000000000000000000000A9        170192957705     
0010001300072U 020000000000000000000000000000000000000000000000000000000000000000000000000000000000000000000000000000000000000000000000000903201700000000            000000000000000                              000                           
0010001300073T 020180230000001544772 29577050982513310   7               11032017000000000007500001000213                         0900000000000010000000000000000000000000000000000000000   0000000000000000000000000A9        170192957705     
0010001300074U 020000000000000000000000000000000000000000000000000000000000000000000000000000000000000000000000000000000000000000000000000903201700000000            000000000000000                              000                           
0010001300075T 020180230000001544772 29577050982546032   7               11032017000000000007500001000213                         0900000000000010000000000000000000000000000000000000000   0000000000000000000000000A9        170192957705     
0010001300076U 020000000000000000000000000000000000000000000000000000000000000000000000000000000000000000000000000000000000000000000000000903201700000000            000000000000000                              000                           
0010001300077T 020180230000001544772 29577051014305609   7               11032017000000000007500001012416                         0900000000000010000000000000000000000000000000000000000   0000000000000000000000000A9        170192957705     
0010001300078U 020000000000000000000000000000000000000000000000000000000000000000000000000000000000000000000000000000000000000000000000000903201700000000            000000000000000                              000                           
0010001300079T 020180230000001544772 29577051042847700   7               10032017000000000007500001012408                         0900000000000010500000000000000000000000000000000000000   0000000000000000000000000A9A4      170192957705     
0010001300080U 020000000000000000000000000000000000000000000000000000000000000000000000000000000000000000000000000000000000000000000000000803201700000000            000000000000000                              000                           
0010001300081T 020180230000001544772 29577051057022559   7               11032017000000000007500001000213                         0900000000000010000000000000000000000000000000000000000   0000000000000000000000000A9        170192957705     
0010001300082U 020000000000000000000000000000000000000000000000000000000000000000000000000000000000000000000000000000000000000000000000000903201700000000            000000000000000                              000                           
0010001300083T 020180230000001544772 29577051063100998   7               11032017000000000007500001000213                         0900000000000010000000000000000000000000000000000000000   0000000000000000000000000A9        170192957705     
0010001300084U 020000000000000000000000000000000000000000000000000000000000000000000000000000000000000000000000000000000000000000000000000903201700000000            000000000000000                              000                           
0010001300085T 020180230000001544772 29577051063432642   7               1103201700000000000750000103049X                         0900000000000010000000000000000000000000000000000000000   0000000000000000000000000A9        170192957705     
0010001300086U 020000000000000000000000000000000000000000000000000000000000000000000000000000000000000000000000000000000000000000000000000903201700000000            000000000000000                              000                           
0010001300087T 020180230000001544772 29577051064620917   7               11032017000000000010000001012408                         0900000000000010000000000000000000000000000000000000000   0000000000000000000000000A9        170192957705     
0010001300088U 020000000000000000000000000000000000000000000000000000000000000000000000000000000000000000000000000000000000000000000000000903201700000000            000000000000000                              000                           
0010001300089T 020180230000001544772 29577051067138741   7               1103201700000000000750000103049X                         0900000000000010000000000000000000000000000000000000000   0000000000000000000000000A9        170192957705     
0010001300090U 020000000000000000000000000000000000000000000000000000000000000000000000000000000000000000000000000000000000000000000000000903201700000000            000000000000000                              000                           
0010001300091T 020180230000001544772 29577051133330063   7               1103201700000000000750000101981X                         0900000000000010000000000000000000000000000000000000000   0000000000000000000000000A9        170192957705     
0010001300092U 020000000000000000000000000000000000000000000000000000000000000000000000000000000000000000000000000000000000000000000000000903201700000000            000000000000000                              000                           
0010001300093T 020180230000001544772 29577051142208668   7               11032017000000000007500001000213                         0900000000000010000000000000000000000000000000000000000   0000000000000000000000000A9        170192957705     
0010001300094U 020000000000000000000000000000000000000000000000000000000000000000000000000000000000000000000000000000000000000000000000000903201700000000            000000000000000                              000                           
0010001300095T 020180230000001544772 29577051142413867   7               11032017000000000007500001000213                         0900000000000010000000000000000000000000000000000000000   0000000000000000000000000A9        170192957705     
0010001300096U 020000000000000000000000000000000000000000000000000000000000000000000000000000000000000000000000000000000000000000000000000903201700000000            000000000000000                              000                           
0010001300097T 020180230000001544772 29577051143015949   7               11032017000000000007500001036803                         0900000000000010000000000000000000000000000000000000000   0000000000000000000000000A9        170192957705     
0010001300098U 020000000000000000000000000000000000000000000000000000000000000000000000000000000000000000000000000000000000000000000000000903201700000000            000000000000000                              000                           
0010001300099T 020180230000001544772 29577051144112063   7               11032017000000000007500001012416                         0900000000000010000000000000000000000000000000000000000   0000000000000000000000000A9        170192957705     
0010001300100U 020000000000000000000000000000000000000000000000000000000000000000000000000000000000000000000000000000000000000000000000000903201700000000            000000000000000                              000                           
0010001300101T 020180230000001544772 29577051145643670   7               11032017000000000007500001004782                         0900000000000010000000000000000000000000000000000000000   0000000000000000000000000A9        170192957705     
0010001300102U 020000000000000000000000000000000000000000000000000000000000000000000000000000000000000000000000000000000000000000000000000903201700000000            000000000000000                              000                           
0010001300103T 020180230000001544772 29577051146246087   7               11032017000000000007500001009245                         0900000000000010000000000000000000000000000000000000000   0000000000000000000000000A9        170192957705     
0010001300104U 020000000000000000000000000000000000000000000000000000000000000000000000000000000000000000000000000000000000000000000000000903201700000000            000000000000000                              000                           
0010001300105T 020180230000001544772 29577051147413202   7               11032017000000000007500001012416                         0900000000000010000000000000000000000000000000000000000   0000000000000000000000000A9        170192957705     
0010001300106U 020000000000000000000000000000000000000000000000000000000000000000000000000000000000000000000000000000000000000000000000000903201700000000            000000000000000                              000                           
0010001300107T 020180230000001544772 29577051148108312   7               11032017000000000007500001000213                         0900000000000010000000000000000000000000000000000000000   0000000000000000000000000A9        170192957705     
0010001300108U 020000000000000000000000000000000000000000000000000000000000000000000000000000000000000000000000000000000000000000000000000903201700000000            000000000000000                              000                           
0010001300109T 020180230000001544772 29577051148600573   7               11032017000000000010000001004111                         0900000000000010000000000000000000000000000000000000000   0000000000000000000000000A9        170192957705     
0010001300110U 020000000000000000000000000000000000000000000000000000000000000000000000000000000000000000000000000000000000000000000000000903201700000000            000000000000000                              000                           
0010001300111T 020180230000001544772 29577051150147515   7               11032017000000000007500001012408                         0900000000000010000000000000000000000000000000000000000   0000000000000000000000000A9        170192957705     
0010001300112U 020000000000000000000000000000000000000000000000000000000000000000000000000000000000000000000000000000000000000000000000000903201700000000            000000000000000                              000                           
0010001300113T 060180230000001544772 29577050094953982   7               09032017000000000007500104025030                         0900000000000010000000000000000000000000000000000000000   000000000000000000000029000        170192957705     
0010001300114U 060000000000000000000000000000000000000000000000000000000000000000000000075000000000000072100000000000000000000000000000000903201710032017            000000000000000                              000                           
0010001300115T 060180230000001544772 29577050095339418   7               09032017000000000007500104025030                         0900000000000010000000000000000000000000000000000000000   000000000000000000000029000        170192957705     
0010001300116U 060000000000000000000000000000000000000000000000000000000000000000000000075000000000000072100000000000000000000000000000000903201710032017            000000000000000                              000                           
0010001300117T 060180230000001544772 29577050383954728   7               0903201700000000000750000100829X                         0900000000000010000000000000000000000000000000000000000   000000000000000000000029000        170192957705     
0010001300118U 060000000000000000000000000000000000000000000000000000000000000000000000075000000000000072100000000000000000000000000000000903201710032017            000000000000000                              000                           
0010001300119T 060180230000001544772 29577050420428327   7               09032017000000000007500021001840                         0900000000000010000000000000000000000000000000000000000   000000000000000000000029000        170192957705     
0010001300120U 060000000000000000000000000000000000000000000000000000000000000000000000075000000000000072100000000000000000000000000000000903201710032017            000000000000000                              000                           
0010001300121T 060180230000001544772 29577050603927124   7               09032017000000000007500021000660                         0900000000000010000000000000000000000000000000000000000   000000000000000000000029000        170192957705     
0010001300122U 060000000000000000000000000000000000000000000000000000000000000000000000075000000000000072100000000000000000000000000000000903201710032017            000000000000000                              000                           
0010001300123T 060180230000001544772 29577050905633317   7               11032017000000000007500021000660                         0900000000000010000000000000000000000000000000000000000   000000000000000000000029000        170192957705     
0010001300124U 060000000000000000000000000000000000000000000000000000000000000000000000075000000000000072100000000000000000000000000000000903201710032017            000000000000000                              000                           
0010001300125T 060180230000001544772 29577051008725287   7               10032017000000000007500021000870                         0900000000000010000000000000000000000000000000000000000   000000000000000000000029000        170192957705     
0010001300126U 060000000000000000000000000000000000000000000000000000000000000000000000075000000000000072100000000000000000000000000000000903201710032017            000000000000000                              000                           
0010001300127T 060180230000001544772 29577051057022559   7               11032017000000000007500104030840                         0900000000000010000000000000000000000000000000000000000   000000000000000000000029000        170192957705     
0010001300128U 060000000000000000000000000000000000000000000000000000000000000000000000075000000000000072100000000000000000000000000000000903201710032017            000000000000000                              000                           
0010001300129T 170180230000001544772 29577051063314233   7               00000000000000000007500021001320                         0900000000000010000000000000000000000000000000000000000   000000000000000000000070003        170192957705     
0010001300130U 170000000000000000000000000000000000000000000000000000000000000000000000075000000000000068000000000000000000000000000000000903201710032017            000000000000000                              000                           
0010001300131T 060180230000001544772 29577051063432642   7               11032017000000000007500104020410                         0900000000000010000000000000000000000000000000000000000   000000000000000000000029000        170192957705     
0010001300132U 060000000000000000000000000000000000000000000000000000000000000000000000075000000000000072100000000000000000000000000000000903201710032017            000000000000000                              000                           
0010001300133T 060180230000001544772 29577051083748996   7               09032017000000000007500104020990                         0900000000000010000000000000000000000000000000000000000   000000000000000000000029000        170192957705     
0010001300134U 060000000000000000000000000000000000000000000000000000000000000000000000075000000000000072100000000000000000000000000000000903201710032017            000000000000000                              000                           
0010001300135T 060180230000001544772 29577051122013848   7               10032017000000000007500033007730                         0900000000000010000000000000000000000000000000000000000   000000000000000000000029000        170192957705     
0010001300136U 060000000000000000000000000000000000000000000000000000000000000000000000075000000000000072100000000000000000000000000000000903201710032017            000000000000000                              000                           
0010001300137T 280180230000001544772 29577050040013502   788888888888889907022017000000000007500001000000888888888888899          0900000000000000000000000000000000000000000000000000000   000000000000000000000005002        170192957705     
0010001300138U 280000000000000000000000000000000000000000000000000000000000000000000000000000000000000000000000000000000000000000000000000903201700000000            000000000000000                              000                           
0010001300139T 280180230000001544772 29577050045650737   788888888888889907022017000000000007500001000000888888888888899          0900000000000000000000000000000000000000000000000000000   000000000000000000000005002        170192957705     
0010001300140U 280000000000000000000000000000000000000000000000000000000000000000000000000000000000000000000000000000000000000000000000000903201700000000            000000000000000                              000                           
0010001300141T 280180230000001544772 29577050058101046   788888888888889907022017000000000007500001000000888888888888899          0900000000000000000000000000000000000000000000000000000   000000000000000000000005002        170192957705     
0010001300142U 280000000000000000000000000000000000000000000000000000000000000000000000000000000000000000000000000000000000000000000000000903201700000000            000000000000000                              000                           
0010001300143T 280180230000001544772 29577050058125882   788888888888889907022017000000000007500001000000888888888888899          0900000000000000000000000000000000000000000000000000000   000000000000000000000005002        170192957705     
0010001300144U 280000000000000000000000000000000000000000000000000000000000000000000000000000000000000000000000000000000000000000000000000903201700000000            000000000000000                              000                           
0010001300145T 280180230000001544772 29577050090537129   788888888888889907022017000000000007500001000000888888888888899          0900000000000000000000000000000000000000000000000000000   000000000000000000000005002        170192957705     
0010001300146U 280000000000000000000000000000000000000000000000000000000000000000000000000000000000000000000000000000000000000000000000000903201700000000            000000000000000                              000                           
0010001300147T 280180230000001544772 29577050095154356   788888888888889907022017000000000007500001000000888888888888899          0900000000000000000000000000000000000000000000000000000   000000000000000000000005002        170192957705     
0010001300148U 280000000000000000000000000000000000000000000000000000000000000000000000000000000000000000000000000000000000000000000000000903201700000000            000000000000000                              000                           
0010001300149T 280180230000001544772 29577050106802276   788888888888889907022017000000000007500001000000888888888888899          0900000000000000000000000000000000000000000000000000000   000000000000000000000005002        170192957705     
0010001300150U 280000000000000000000000000000000000000000000000000000000000000000000000000000000000000000000000000000000000000000000000000903201700000000            000000000000000                              000                           
0010001300151T 280180230000001544772 29577050110138063   788888888888889907022017000000000007500001000000888888888888899          0900000000000000000000000000000000000000000000000000000   000000000000000000000005002        170192957705     
0010001300152U 280000000000000000000000000000000000000000000000000000000000000000000000000000000000000000000000000000000000000000000000000903201700000000            000000000000000                              000                           
0010001300153T 280180230000001544772 29577050112437814   788888888888889907022017000000000007500001000000888888888888899          0900000000000000000000000000000000000000000000000000000   000000000000000000000005002        170192957705     
0010001300154U 280000000000000000000000000000000000000000000000000000000000000000000000000000000000000000000000000000000000000000000000000903201700000000            000000000000000                              000                           
0010001300155T 280180230000001544772 29577050112514349   788888888888889907022017000000000007500001000000888888888888899          0900000000000000000000000000000000000000000000000000000   000000000000000000000005002        170192957705     
0010001300156U 280000000000000000000000000000000000000000000000000000000000000000000000000000000000000000000000000000000000000000000000000903201700000000            000000000000000                              000                           
0010001300157T 280180230000001544772 29577050112630669   788888888888889907022017000000000007500001000000888888888888899          0900000000000000000000000000000000000000000000000000000   000000000000000000000005002        170192957705     
0010001300158U 280000000000000000000000000000000000000000000000000000000000000000000000000000000000000000000000000000000000000000000000000903201700000000            000000000000000                              000                           
0010001300159T 280180230000001544772 29577050115223422   788888888888889907022017000000000007500001000000888888888888899          0900000000000000000000000000000000000000000000000000000   000000000000000000000005002        170192957705     
0010001300160U 280000000000000000000000000000000000000000000000000000000000000000000000000000000000000000000000000000000000000000000000000903201700000000            000000000000000                              000                           
0010001300161T 280180230000001544772 29577050123049001   788888888888889907022017000000000007500001000000888888888888899          0900000000000000000000000000000000000000000000000000000   000000000000000000000005002        170192957705     
0010001300162U 280000000000000000000000000000000000000000000000000000000000000000000000000000000000000000000000000000000000000000000000000903201700000000            000000000000000                              000                           
0010001300163T 280180230000001544772 29577050160929479   788888888888889907022017000000000007500001000000888888888888899          0900000000000000000000000000000000000000000000000000000   000000000000000000000005002        170192957705     
0010001300164U 280000000000000000000000000000000000000000000000000000000000000000000000000000000000000000000000000000000000000000000000000903201700000000            000000000000000                              000                           
0010001300165T 280180230000001544772 29577050168945463   788888888888889907022017000000000007500001000000888888888888899          0900000000000000000000000000000000000000000000000000000   000000000000000000000005002        170192957705     
0010001300166U 280000000000000000000000000000000000000000000000000000000000000000000000000000000000000000000000000000000000000000000000000903201700000000            000000000000000                              000                           
0010001300167T 280180230000001544772 29577050257237548   788888888888889907022017000000000007500001000000888888888888899          0900000000000000000000000000000000000000000000000000000   000000000000000000000005002        170192957705     
0010001300168U 280000000000000000000000000000000000000000000000000000000000000000000000000000000000000000000000000000000000000000000000000903201700000000            000000000000000                              000                           
0010001300169T 280180230000001544772 29577050259348551   788888888888889907022017000000000007500001000000888888888888899          0900000000000000000000000000000000000000000000000000000   000000000000000000000005002        170192957705     
0010001300170U 280000000000000000000000000000000000000000000000000000000000000000000000000000000000000000000000000000000000000000000000000903201700000000            000000000000000                              000                           
0010001300171T 280180230000001544772 29577050286410132   788888888888889907022017000000000007500001000000888888888888899          0900000000000000000000000000000000000000000000000000000   000000000000000000000005002        170192957705     
0010001300172U 280000000000000000000000000000000000000000000000000000000000000000000000000000000000000000000000000000000000000000000000000903201700000000            000000000000000                              000                           
0010001300173T 280180230000001544772 29577050286418739   788888888888889907022017000000000007500001000000888888888888899          0900000000000000000000000000000000000000000000000000000   000000000000000000000005002        170192957705     
0010001300174U 280000000000000000000000000000000000000000000000000000000000000000000000000000000000000000000000000000000000000000000000000903201700000000            000000000000000                              000                           
0010001300175T 280180230000001544772 29577050290030478   788888888888889907022017000000000007500001000000888888888888899          0900000000000000000000000000000000000000000000000000000   000000000000000000000005002        170192957705     
0010001300176U 280000000000000000000000000000000000000000000000000000000000000000000000000000000000000000000000000000000000000000000000000903201700000000            000000000000000                              000                           
0010001300177T 280180230000001544772 29577050292428006   788888888888889907022017000000000007500001000000888888888888899          0900000000000000000000000000000000000000000000000000000   000000000000000000000005002        170192957705     
0010001300178U 280000000000000000000000000000000000000000000000000000000000000000000000000000000000000000000000000000000000000000000000000903201700000000            000000000000000                              000                           
0010001300179T 280180230000001544772 29577050293909041   788888888888889907022017000000000007500001000000888888888888899          0900000000000000000000000000000000000000000000000000000   000000000000000000000005002        170192957705     
0010001300180U 280000000000000000000000000000000000000000000000000000000000000000000000000000000000000000000000000000000000000000000000000903201700000000            000000000000000                              000                           
0010001300181T 280180230000001544772 29577050329632194   788888888888889907022017000000000007500001000000888888888888899          0900000000000000000000000000000000000000000000000000000   000000000000000000000005002        170192957705     
0010001300182U 280000000000000000000000000000000000000000000000000000000000000000000000000000000000000000000000000000000000000000000000000903201700000000            000000000000000                              000                           
0010001300183T 280180230000001544772 29577050336752236   788888888888889907022017000000000007500001000000888888888888899          0900000000000000000000000000000000000000000000000000000   000000000000000000000005002        170192957705     
0010001300184U 280000000000000000000000000000000000000000000000000000000000000000000000000000000000000000000000000000000000000000000000000903201700000000            000000000000000                              000                           
0010001300185T 280180230000001544772 29577050337101071   788888888888889907022017000000000007500001000000888888888888899          0900000000000000000000000000000000000000000000000000000   000000000000000000000005002        170192957705     
0010001300186U 280000000000000000000000000000000000000000000000000000000000000000000000000000000000000000000000000000000000000000000000000903201700000000            000000000000000                              000                           
0010001300187T 280180230000001544772 29577050354738836   788888888888889907022017000000000007500001000000888888888888899          0900000000000000000000000000000000000000000000000000000   000000000000000000000005002        170192957705     
0010001300188U 280000000000000000000000000000000000000000000000000000000000000000000000000000000000000000000000000000000000000000000000000903201700000000            000000000000000                              000                           
0010001300189T 280180230000001544772 29577050379436831   788888888888889907022017000000000007500001000000888888888888899          0900000000000000000000000000000000000000000000000000000   000000000000000000000005002        170192957705     
0010001300190U 280000000000000000000000000000000000000000000000000000000000000000000000000000000000000000000000000000000000000000000000000903201700000000            000000000000000                              000                           
0010001300191T 280180230000001544772 29577050379451955   788888888888889907022017000000000007500001000000888888888888899          0900000000000000000000000000000000000000000000000000000   000000000000000000000005002        170192957705     
0010001300192U 280000000000000000000000000000000000000000000000000000000000000000000000000000000000000000000000000000000000000000000000000903201700000000            000000000000000                              000                           
0010001300193T 280180230000001544772 29577050379456318   788888888888889907022017000000000007500001000000888888888888899          0900000000000000000000000000000000000000000000000000000   000000000000000000000005002        170192957705     
0010001300194U 280000000000000000000000000000000000000000000000000000000000000000000000000000000000000000000000000000000000000000000000000903201700000000            000000000000000                              000                           
0010001300195T 280180230000001544772 29577050385052499   788888888888889907022017000000000010000001000000888888888888899          0900000000000000000000000000000000000000000000000000000   000000000000000000000005002        170192957705     
0010001300196U 280000000000000000000000000000000000000000000000000000000000000000000000000000000000000000000000000000000000000000000000000903201700000000            000000000000000                              000                           
0010001300197T 280180230000001544772 29577050411825387   788888888888889907022017000000000007500001000000888888888888899          0900000000000000000000000000000000000000000000000000000   000000000000000000000005002        170192957705     
0010001300198U 280000000000000000000000000000000000000000000000000000000000000000000000000000000000000000000000000000000000000000000000000903201700000000            000000000000000                              000                           
0010001300199T 280180230000001544772 29577050411845684   788888888888889907022017000000000007500001000000888888888888899          0900000000000000000000000000000000000000000000000000000   000000000000000000000005002        170192957705     
0010001300200U 280000000000000000000000000000000000000000000000000000000000000000000000000000000000000000000000000000000000000000000000000903201700000000            000000000000000                              000                           
0010001300201T 280180230000001544772 29577050418708745   788888888888889907022017000000000007500001000000888888888888899          0900000000000000000000000000000000000000000000000000000   000000000000000000000005002        170192957705     
0010001300202U 280000000000000000000000000000000000000000000000000000000000000000000000000000000000000000000000000000000000000000000000000903201700000000            000000000000000                              000                           
0010001300203T 280180230000001544772 29577050418709507   788888888888889907022017000000000007500001000000888888888888899          0900000000000000000000000000000000000000000000000000000   000000000000000000000005002        170192957705     
0010001300204U 280000000000000000000000000000000000000000000000000000000000000000000000000000000000000000000000000000000000000000000000000903201700000000            000000000000000                              000                           
0010001300205T 280180230000001544772 29577050418714830   788888888888889907022017000000000007500001000000888888888888899          0900000000000000000000000000000000000000000000000000000   000000000000000000000005002        170192957705     
0010001300206U 280000000000000000000000000000000000000000000000000000000000000000000000000000000000000000000000000000000000000000000000000903201700000000            000000000000000                              000                           
0010001300207T 280180230000001544772 29577050418717670   788888888888889907022017000000000007500001000000888888888888899          0900000000000000000000000000000000000000000000000000000   000000000000000000000005002        170192957705     
0010001300208U 280000000000000000000000000000000000000000000000000000000000000000000000000000000000000000000000000000000000000000000000000903201700000000            000000000000000                              000                           
0010001300209T 280180230000001544772 29577050418725099   788888888888889907022017000000000007500001000000888888888888899          0900000000000000000000000000000000000000000000000000000   000000000000000000000005002        170192957705     
0010001300210U 280000000000000000000000000000000000000000000000000000000000000000000000000000000000000000000000000000000000000000000000000903201700000000            000000000000000                              000                           
0010001300211T 280180230000001544772 29577050418725347   788888888888889907022017000000000007500001000000888888888888899          0900000000000000000000000000000000000000000000000000000   000000000000000000000005002        170192957705     
0010001300212U 280000000000000000000000000000000000000000000000000000000000000000000000000000000000000000000000000000000000000000000000000903201700000000            000000000000000                              000                           
0010001300213T 280180230000001544772 29577050419414327   788888888888889907022017000000000007500001000000888888888888899          0900000000000000000000000000000000000000000000000000000   000000000000000000000005002        170192957705     
0010001300214U 280000000000000000000000000000000000000000000000000000000000000000000000000000000000000000000000000000000000000000000000000903201700000000            000000000000000                              000                           
0010001300215T 280180230000001544772 29577050419557488   788888888888889907022017000000000007500001000000888888888888899          0900000000000000000000000000000000000000000000000000000   000000000000000000000005002        170192957705     
0010001300216U 280000000000000000000000000000000000000000000000000000000000000000000000000000000000000000000000000000000000000000000000000903201700000000            000000000000000                              000                           
0010001300217T 280180230000001544772 29577050419642379   788888888888889907022017000000000010000001000000888888888888899          0900000000000000000000000000000000000000000000000000000   000000000000000000000005002        170192957705     
0010001300218U 280000000000000000000000000000000000000000000000000000000000000000000000000000000000000000000000000000000000000000000000000903201700000000            000000000000000                              000                           
0010001300219T 280180230000001544772 29577050419749592   788888888888889907022017000000000007500001000000888888888888899          0900000000000000000000000000000000000000000000000000000   000000000000000000000005002        170192957705     
0010001300220U 280000000000000000000000000000000000000000000000000000000000000000000000000000000000000000000000000000000000000000000000000903201700000000            000000000000000                              000                           
0010001300221T 280180230000001544772 29577050420246810   788888888888889907022017000000000007500001000000888888888888899          0900000000000000000000000000000000000000000000000000000   000000000000000000000005002        170192957705     
0010001300222U 280000000000000000000000000000000000000000000000000000000000000000000000000000000000000000000000000000000000000000000000000903201700000000            000000000000000                              000                           
0010001300223T 280180230000001544772 29577050420313476   788888888888889907022017000000000007500001000000888888888888899          0900000000000000000000000000000000000000000000000000000   000000000000000000000005002        170192957705     
0010001300224U 280000000000000000000000000000000000000000000000000000000000000000000000000000000000000000000000000000000000000000000000000903201700000000            000000000000000                              000                           
0010001300225T 280180230000001544772 29577050420415679   788888888888889907022017000000000007500001000000888888888888899          0900000000000000000000000000000000000000000000000000000   000000000000000000000005002        170192957705     
0010001300226U 280000000000000000000000000000000000000000000000000000000000000000000000000000000000000000000000000000000000000000000000000903201700000000            000000000000000                              000                           
0010001300227T 280180230000001544772 29577050420537552   788888888888889907022017000000000007500001000000888888888888899          0900000000000000000000000000000000000000000000000000000   000000000000000000000005002        170192957705     
0010001300228U 280000000000000000000000000000000000000000000000000000000000000000000000000000000000000000000000000000000000000000000000000903201700000000            000000000000000                              000                           
0010001300229T 280180230000001544772 29577050420636766   788888888888889907022017000000000007500001000000888888888888899          0900000000000000000000000000000000000000000000000000000   000000000000000000000005002        170192957705     
0010001300230U 280000000000000000000000000000000000000000000000000000000000000000000000000000000000000000000000000000000000000000000000000903201700000000            000000000000000                              000                           
0010001300231T 280180230000001544772 29577050420747200   788888888888889907022017000000000007500001000000888888888888899          0900000000000000000000000000000000000000000000000000000   000000000000000000000005002        170192957705     
0010001300232U 280000000000000000000000000000000000000000000000000000000000000000000000000000000000000000000000000000000000000000000000000903201700000000            000000000000000                              000                           
0010001300233T 280180230000001544772 29577050420852522   788888888888889907022017000000000007500001000000888888888888899          0900000000000000000000000000000000000000000000000000000   000000000000000000000005002        170192957705     
0010001300234U 280000000000000000000000000000000000000000000000000000000000000000000000000000000000000000000000000000000000000000000000000903201700000000            000000000000000                              000                           
0010001300235T 280180230000001544772 29577050420916766   788888888888889907022017000000000007500001000000888888888888899          0900000000000000000000000000000000000000000000000000000   000000000000000000000005002        170192957705     
0010001300236U 280000000000000000000000000000000000000000000000000000000000000000000000000000000000000000000000000000000000000000000000000903201700000000            000000000000000                              000                           
0010001300237T 280180230000001544772 29577050421049249   788888888888889907022017000000000007500001000000888888888888899          0900000000000000000000000000000000000000000000000000000   000000000000000000000005002        170192957705     
0010001300238U 280000000000000000000000000000000000000000000000000000000000000000000000000000000000000000000000000000000000000000000000000903201700000000            000000000000000                              000                           
0010001300239T 280180230000001544772 29577050421156939   788888888888889907022017000000000007500001000000888888888888899          0900000000000000000000000000000000000000000000000000000   000000000000000000000005002        170192957705     
0010001300240U 280000000000000000000000000000000000000000000000000000000000000000000000000000000000000000000000000000000000000000000000000903201700000000            000000000000000                              000                           
0010001300241T 280180230000001544772 29577050421455389   788888888888889907022017000000000007500001000000888888888888899          0900000000000000000000000000000000000000000000000000000   000000000000000000000005002        170192957705     
0010001300242U 280000000000000000000000000000000000000000000000000000000000000000000000000000000000000000000000000000000000000000000000000903201700000000            000000000000000                              000                           
0010001300243T 280180230000001544772 29577050421507222   788888888888889907022017000000000007500001000000888888888888899          0900000000000000000000000000000000000000000000000000000   000000000000000000000005002        170192957705     
0010001300244U 280000000000000000000000000000000000000000000000000000000000000000000000000000000000000000000000000000000000000000000000000903201700000000            000000000000000                              000                           
0010001300245T 280180230000001544772 29577050421655345   788888888888889907022017000000000007500001000000888888888888899          0900000000000000000000000000000000000000000000000000000   000000000000000000000005002        170192957705     
0010001300246U 280000000000000000000000000000000000000000000000000000000000000000000000000000000000000000000000000000000000000000000000000903201700000000            000000000000000                              000                           
0010001300247T 280180230000001544772 29577050421710008   788888888888889907022017000000000007500001000000888888888888899          0900000000000000000000000000000000000000000000000000000   000000000000000000000005002        170192957705     
0010001300248U 280000000000000000000000000000000000000000000000000000000000000000000000000000000000000000000000000000000000000000000000000903201700000000            000000000000000                              000                           
0010001300249T 280180230000001544772 29577050421724322   788888888888889907022017000000000007500001000000888888888888899          0900000000000000000000000000000000000000000000000000000   000000000000000000000005002        170192957705     
0010001300250U 280000000000000000000000000000000000000000000000000000000000000000000000000000000000000000000000000000000000000000000000000903201700000000            000000000000000                              000                           
0010001300251T 280180230000001544772 29577050421913467   788888888888889907022017000000000007500001000000888888888888899          0900000000000000000000000000000000000000000000000000000   000000000000000000000005002        170192957705     
0010001300252U 280000000000000000000000000000000000000000000000000000000000000000000000000000000000000000000000000000000000000000000000000903201700000000            000000000000000                              000                           
0010001300253T 280180230000001544772 29577050422033704   788888888888889907022017000000000007500001000000888888888888899          0900000000000000000000000000000000000000000000000000000   000000000000000000000005002        170192957705     
0010001300254U 280000000000000000000000000000000000000000000000000000000000000000000000000000000000000000000000000000000000000000000000000903201700000000            000000000000000                              000                           
0010001300255T 280180230000001544772 29577050422143568   788888888888889907022017000000000010000001000000888888888888899          0900000000000000000000000000000000000000000000000000000   000000000000000000000005002        170192957705     
0010001300256U 280000000000000000000000000000000000000000000000000000000000000000000000000000000000000000000000000000000000000000000000000903201700000000            000000000000000                              000                           
0010001300257T 280180230000001544772 29577050422206563   788888888888889907022017000000000007500001000000888888888888899          0900000000000000000000000000000000000000000000000000000   000000000000000000000005002        170192957705     
0010001300258U 280000000000000000000000000000000000000000000000000000000000000000000000000000000000000000000000000000000000000000000000000903201700000000            000000000000000                              000                           
0010001300259T 280180230000001544772 29577050422229557   788888888888889907022017000000000007500001000000888888888888899          0900000000000000000000000000000000000000000000000000000   000000000000000000000005002        170192957705     
0010001300260U 280000000000000000000000000000000000000000000000000000000000000000000000000000000000000000000000000000000000000000000000000903201700000000            000000000000000                              000                           
0010001300261T 280180230000001544772 29577050422300793   788888888888889907022017000000000007500001000000888888888888899          0900000000000000000000000000000000000000000000000000000   000000000000000000000005002        170192957705     
0010001300262U 280000000000000000000000000000000000000000000000000000000000000000000000000000000000000000000000000000000000000000000000000903201700000000            000000000000000                              000                           
0010001300263T 280180230000001544772 29577050422557805   788888888888889907022017000000000007500001000000888888888888899          0900000000000000000000000000000000000000000000000000000   000000000000000000000005002        170192957705     
0010001300264U 280000000000000000000000000000000000000000000000000000000000000000000000000000000000000000000000000000000000000000000000000903201700000000            000000000000000                              000                           
0010001300265T 280180230000001544772 29577050422616296   788888888888889907022017000000000007500001000000888888888888899          0900000000000000000000000000000000000000000000000000000   000000000000000000000005002        170192957705     
0010001300266U 280000000000000000000000000000000000000000000000000000000000000000000000000000000000000000000000000000000000000000000000000903201700000000            000000000000000                              000                           
0010001300267T 280180230000001544772 29577050422702452   788888888888889907022017000000000007500001000000888888888888899          0900000000000000000000000000000000000000000000000000000   000000000000000000000005002        170192957705     
0010001300268U 280000000000000000000000000000000000000000000000000000000000000000000000000000000000000000000000000000000000000000000000000903201700000000            000000000000000                              000                           
0010001300269T 280180230000001544772 29577050422859195   788888888888889907022017000000000007500001000000888888888888899          0900000000000000000000000000000000000000000000000000000   000000000000000000000005002        170192957705     
0010001300270U 280000000000000000000000000000000000000000000000000000000000000000000000000000000000000000000000000000000000000000000000000903201700000000            000000000000000                              000                           
0010001300271T 280180230000001544772 29577050422955809   788888888888889907022017000000000007500001000000888888888888899          0900000000000000000000000000000000000000000000000000000   000000000000000000000005002        170192957705     
0010001300272U 280000000000000000000000000000000000000000000000000000000000000000000000000000000000000000000000000000000000000000000000000903201700000000            000000000000000                              000                           
0010001300273T 280180230000001544772 29577050423244041   788888888888889907022017000000000007500001000000888888888888899          0900000000000000000000000000000000000000000000000000000   000000000000000000000005002        170192957705     
0010001300274U 280000000000000000000000000000000000000000000000000000000000000000000000000000000000000000000000000000000000000000000000000903201700000000            000000000000000                              000                           
0010001300275T 280180230000001544772 29577050423357891   788888888888889907022017000000000007500001000000888888888888899          0900000000000000000000000000000000000000000000000000000   000000000000000000000005002        170192957705     
0010001300276U 280000000000000000000000000000000000000000000000000000000000000000000000000000000000000000000000000000000000000000000000000903201700000000            000000000000000                              000                           
0010001300277T 280180230000001544772 29577050423418033   788888888888889907022017000000000007500001000000888888888888899          0900000000000000000000000000000000000000000000000000000   000000000000000000000005002        170192957705     
0010001300278U 280000000000000000000000000000000000000000000000000000000000000000000000000000000000000000000000000000000000000000000000000903201700000000            000000000000000                              000                           
0010001300279T 280180230000001544772 29577050423526769   788888888888889907022017000000000007500001000000888888888888899          0900000000000000000000000000000000000000000000000000000   000000000000000000000005002        170192957705     
0010001300280U 280000000000000000000000000000000000000000000000000000000000000000000000000000000000000000000000000000000000000000000000000903201700000000            000000000000000                              000                           
0010001300281T 280180230000001544772 29577050423705530   788888888888889907022017000000000007500001000000888888888888899          0900000000000000000000000000000000000000000000000000000   000000000000000000000005002        170192957705     
0010001300282U 280000000000000000000000000000000000000000000000000000000000000000000000000000000000000000000000000000000000000000000000000903201700000000            000000000000000                              000                           
0010001300283T 280180230000001544772 29577050423841583   788888888888889907022017000000000007500001000000888888888888899          0900000000000000000000000000000000000000000000000000000   000000000000000000000005002        170192957705     
0010001300284U 280000000000000000000000000000000000000000000000000000000000000000000000000000000000000000000000000000000000000000000000000903201700000000            000000000000000                              000                           
0010001300285T 280180230000001544772 29577050424003138   788888888888889907022017000000000007500001000000888888888888899          0900000000000000000000000000000000000000000000000000000   000000000000000000000005002        170192957705     
0010001300286U 280000000000000000000000000000000000000000000000000000000000000000000000000000000000000000000000000000000000000000000000000903201700000000            000000000000000                              000                           
0010001300287T 280180230000001544772 29577050424113508   788888888888889907022017000000000007500001000000888888888888899          0900000000000000000000000000000000000000000000000000000   000000000000000000000005002        170192957705     
0010001300288U 280000000000000000000000000000000000000000000000000000000000000000000000000000000000000000000000000000000000000000000000000903201700000000            000000000000000                              000                           
0010001300289T 280180230000001544772 29577050424242509   788888888888889907022017000000000007500001000000888888888888899          0900000000000000000000000000000000000000000000000000000   000000000000000000000005002        170192957705     
0010001300290U 280000000000000000000000000000000000000000000000000000000000000000000000000000000000000000000000000000000000000000000000000903201700000000            000000000000000                              000                           
0010001300291T 280180230000001544772 29577050424303042   788888888888889907022017000000000007500001000000888888888888899          0900000000000000000000000000000000000000000000000000000   000000000000000000000005002        170192957705     
0010001300292U 280000000000000000000000000000000000000000000000000000000000000000000000000000000000000000000000000000000000000000000000000903201700000000            000000000000000                              000                           
0010001300293T 280180230000001544772 29577050424317682   788888888888889907022017000000000007500001000000888888888888899          0900000000000000000000000000000000000000000000000000000   000000000000000000000005002        170192957705     
0010001300294U 280000000000000000000000000000000000000000000000000000000000000000000000000000000000000000000000000000000000000000000000000903201700000000            000000000000000                              000                           
0010001300295T 280180230000001544772 29577050424409638   788888888888889907022017000000000010000001000000888888888888899          0900000000000000000000000000000000000000000000000000000   000000000000000000000005002        170192957705     
0010001300296U 280000000000000000000000000000000000000000000000000000000000000000000000000000000000000000000000000000000000000000000000000903201700000000            000000000000000                              000                           
0010001300297T 280180230000001544772 29577050424830221   788888888888889907022017000000000007500001000000888888888888899          0900000000000000000000000000000000000000000000000000000   000000000000000000000005002        170192957705     
0010001300298U 280000000000000000000000000000000000000000000000000000000000000000000000000000000000000000000000000000000000000000000000000903201700000000            000000000000000                              000                           
0010001300299T 280180230000001544772 29577050424955838   788888888888889907022017000000000007500001000000888888888888899          0900000000000000000000000000000000000000000000000000000   000000000000000000000005002        170192957705     
0010001300300U 280000000000000000000000000000000000000000000000000000000000000000000000000000000000000000000000000000000000000000000000000903201700000000            000000000000000                              000                           
0010001300301T 280180230000001544772 29577050425009781   788888888888889907022017000000000007500001000000888888888888899          0900000000000000000000000000000000000000000000000000000   000000000000000000000005002        170192957705     
0010001300302U 280000000000000000000000000000000000000000000000000000000000000000000000000000000000000000000000000000000000000000000000000903201700000000            000000000000000                              000                           
0010001300303T 280180230000001544772 29577050425100120   788888888888889907022017000000000010000001000000888888888888899          0900000000000000000000000000000000000000000000000000000   000000000000000000000005002        170192957705     
0010001300304U 280000000000000000000000000000000000000000000000000000000000000000000000000000000000000000000000000000000000000000000000000903201700000000            000000000000000                              000                           
0010001300305T 280180230000001544772 29577050425326735   788888888888889907022017000000000007500001000000888888888888899          0900000000000000000000000000000000000000000000000000000   000000000000000000000005002        170192957705     
0010001300306U 280000000000000000000000000000000000000000000000000000000000000000000000000000000000000000000000000000000000000000000000000903201700000000            000000000000000                              000                           
0010001300307T 280180230000001544772 29577050425425215   788888888888889907022017000000000007500001000000888888888888899          0900000000000000000000000000000000000000000000000000000   000000000000000000000005002        170192957705     
0010001300308U 280000000000000000000000000000000000000000000000000000000000000000000000000000000000000000000000000000000000000000000000000903201700000000            000000000000000                              000                           
0010001300309T 280180230000001544772 29577050425531363   788888888888889907022017000000000007500001000000888888888888899          0900000000000000000000000000000000000000000000000000000   000000000000000000000005002        170192957705     
0010001300310U 280000000000000000000000000000000000000000000000000000000000000000000000000000000000000000000000000000000000000000000000000903201700000000            000000000000000                              000                           
0010001300311T 280180230000001544772 29577050425655647   788888888888889907022017000000000007500001000000888888888888899          0900000000000000000000000000000000000000000000000000000   000000000000000000000005002        170192957705     
0010001300312U 280000000000000000000000000000000000000000000000000000000000000000000000000000000000000000000000000000000000000000000000000903201700000000            000000000000000                              000                           
0010001300313T 280180230000001544772 29577050425747446   788888888888889907022017000000000010000001000000888888888888899          0900000000000000000000000000000000000000000000000000000   000000000000000000000005002        170192957705     
0010001300314U 280000000000000000000000000000000000000000000000000000000000000000000000000000000000000000000000000000000000000000000000000903201700000000            000000000000000                              000                           
0010001300315T 280180230000001544772 29577050425831139   788888888888889907022017000000000007500001000000888888888888899          0900000000000000000000000000000000000000000000000000000   000000000000000000000005002        170192957705     
0010001300316U 280000000000000000000000000000000000000000000000000000000000000000000000000000000000000000000000000000000000000000000000000903201700000000            000000000000000                              000                           
0010001300317T 280180230000001544772 29577050425914825   788888888888889907022017000000000007500001000000888888888888899          0900000000000000000000000000000000000000000000000000000   000000000000000000000005002        170192957705     
0010001300318U 280000000000000000000000000000000000000000000000000000000000000000000000000000000000000000000000000000000000000000000000000903201700000000            000000000000000                              000                           
0010001300319T 280180230000001544772 29577050426005148   788888888888889907022017000000000007500001000000888888888888899          0900000000000000000000000000000000000000000000000000000   000000000000000000000005002        170192957705     
0010001300320U 280000000000000000000000000000000000000000000000000000000000000000000000000000000000000000000000000000000000000000000000000903201700000000            000000000000000                              000                           
0010001300321T 280180230000001544772 29577050426012403   788888888888889907022017000000000007500001000000888888888888899          0900000000000000000000000000000000000000000000000000000   000000000000000000000005002        170192957705     
0010001300322U 280000000000000000000000000000000000000000000000000000000000000000000000000000000000000000000000000000000000000000000000000903201700000000            000000000000000                              000                           
0010001300323T 280180230000001544772 29577050426451281   788888888888889907022017000000000007500001000000888888888888899          0900000000000000000000000000000000000000000000000000000   000000000000000000000005002        170192957705     
0010001300324U 280000000000000000000000000000000000000000000000000000000000000000000000000000000000000000000000000000000000000000000000000903201700000000            000000000000000                              000                           
0010001300325T 280180230000001544772 29577050426642258   788888888888889907022017000000000007500001000000888888888888899          0900000000000000000000000000000000000000000000000000000   000000000000000000000005002        170192957705     
0010001300326U 280000000000000000000000000000000000000000000000000000000000000000000000000000000000000000000000000000000000000000000000000903201700000000            000000000000000                              000                           
0010001300327T 280180230000001544772 29577050426814796   788888888888889907022017000000000007500001000000888888888888899          0900000000000000000000000000000000000000000000000000000   000000000000000000000005002        170192957705     
0010001300328U 280000000000000000000000000000000000000000000000000000000000000000000000000000000000000000000000000000000000000000000000000903201700000000            000000000000000                              000                           
0010001300329T 280180230000001544772 29577050426816837   788888888888889907022017000000000007500001000000888888888888899          0900000000000000000000000000000000000000000000000000000   000000000000000000000005002        170192957705     
0010001300330U 280000000000000000000000000000000000000000000000000000000000000000000000000000000000000000000000000000000000000000000000000903201700000000            000000000000000                              000                           
0010001300331T 280180230000001544772 29577050426903798   788888888888889907022017000000000007500001000000888888888888899          0900000000000000000000000000000000000000000000000000000   000000000000000000000005002        170192957705     
0010001300332U 280000000000000000000000000000000000000000000000000000000000000000000000000000000000000000000000000000000000000000000000000903201700000000            000000000000000                              000                           
0010001300333T 280180230000001544772 29577050427047788   788888888888889907022017000000000007500001000000888888888888899          0900000000000000000000000000000000000000000000000000000   000000000000000000000005002        170192957705     
0010001300334U 280000000000000000000000000000000000000000000000000000000000000000000000000000000000000000000000000000000000000000000000000903201700000000            000000000000000                              000                           
0010001300335T 280180230000001544772 29577050427127359   788888888888889907022017000000000007500001000000888888888888899          0900000000000000000000000000000000000000000000000000000   000000000000000000000005002        170192957705     
0010001300336U 280000000000000000000000000000000000000000000000000000000000000000000000000000000000000000000000000000000000000000000000000903201700000000            000000000000000                              000                           
0010001300337T 280180230000001544772 29577050427210407   788888888888889907022017000000000007500001000000888888888888899          0900000000000000000000000000000000000000000000000000000   000000000000000000000005002        170192957705     
0010001300338U 280000000000000000000000000000000000000000000000000000000000000000000000000000000000000000000000000000000000000000000000000903201700000000            000000000000000                              000                           
0010001300339T 280180230000001544772 29577050427221119   788888888888889907022017000000000007500001000000888888888888899          0900000000000000000000000000000000000000000000000000000   000000000000000000000005002        170192957705     
0010001300340U 280000000000000000000000000000000000000000000000000000000000000000000000000000000000000000000000000000000000000000000000000903201700000000            000000000000000                              000                           
0010001300341T 280180230000001544772 29577050427433414   788888888888889907022017000000000007500001000000888888888888899          0900000000000000000000000000000000000000000000000000000   000000000000000000000005002        170192957705     
0010001300342U 280000000000000000000000000000000000000000000000000000000000000000000000000000000000000000000000000000000000000000000000000903201700000000            000000000000000                              000                           
0010001300343T 280180230000001544772 29577050427536447   788888888888889907022017000000000007500001000000888888888888899          0900000000000000000000000000000000000000000000000000000   000000000000000000000005002        170192957705     
0010001300344U 280000000000000000000000000000000000000000000000000000000000000000000000000000000000000000000000000000000000000000000000000903201700000000            000000000000000                              000                           
0010001300345T 280180230000001544772 29577050427627082   788888888888889907022017000000000007500001000000888888888888899          0900000000000000000000000000000000000000000000000000000   000000000000000000000005002        170192957705     
0010001300346U 280000000000000000000000000000000000000000000000000000000000000000000000000000000000000000000000000000000000000000000000000903201700000000            000000000000000                              000                           
0010001300347T 280180230000001544772 29577050427703160   788888888888889907022017000000000007500001000000888888888888899          0900000000000000000000000000000000000000000000000000000   000000000000000000000005002        170192957705     
0010001300348U 280000000000000000000000000000000000000000000000000000000000000000000000000000000000000000000000000000000000000000000000000903201700000000            000000000000000                              000                           
0010001300349T 280180230000001544772 29577050427816046   788888888888889907022017000000000007500001000000888888888888899          0900000000000000000000000000000000000000000000000000000   000000000000000000000005002        170192957705     
0010001300350U 280000000000000000000000000000000000000000000000000000000000000000000000000000000000000000000000000000000000000000000000000903201700000000            000000000000000                              000                           
0010001300351T 280180230000001544772 29577050427940857   788888888888889907022017000000000007500001000000888888888888899          0900000000000000000000000000000000000000000000000000000   000000000000000000000005002        170192957705     
0010001300352U 280000000000000000000000000000000000000000000000000000000000000000000000000000000000000000000000000000000000000000000000000903201700000000            000000000000000                              000                           
0010001300353T 280180230000001544772 29577050428047497   788888888888889907022017000000000007500001000000888888888888899          0900000000000000000000000000000000000000000000000000000   000000000000000000000005002        170192957705     
0010001300354U 280000000000000000000000000000000000000000000000000000000000000000000000000000000000000000000000000000000000000000000000000903201700000000            000000000000000                              000                           
0010001300355T 280180230000001544772 29577050428346202   788888888888889907022017000000000010000001000000888888888888899          0900000000000000000000000000000000000000000000000000000   000000000000000000000005002        170192957705     
0010001300356U 280000000000000000000000000000000000000000000000000000000000000000000000000000000000000000000000000000000000000000000000000903201700000000            000000000000000                              000                           
0010001300357T 280180230000001544772 29577050428421709   788888888888889907022017000000000007500001000000888888888888899          0900000000000000000000000000000000000000000000000000000   000000000000000000000005002        170192957705     
0010001300358U 280000000000000000000000000000000000000000000000000000000000000000000000000000000000000000000000000000000000000000000000000903201700000000            000000000000000                              000                           
0010001300359T 280180230000001544772 29577050428508938   788888888888889907022017000000000007500001000000888888888888899          0900000000000000000000000000000000000000000000000000000   000000000000000000000005002        170192957705     
0010001300360U 280000000000000000000000000000000000000000000000000000000000000000000000000000000000000000000000000000000000000000000000000903201700000000            000000000000000                              000                           
0010001300361T 280180230000001544772 29577050428551820   788888888888889907022017000000000007500001000000888888888888899          0900000000000000000000000000000000000000000000000000000   000000000000000000000005002        170192957705     
0010001300362U 280000000000000000000000000000000000000000000000000000000000000000000000000000000000000000000000000000000000000000000000000903201700000000            000000000000000                              000                           
0010001300363T 280180230000001544772 29577050428720049   788888888888889907022017000000000007500001000000888888888888899          0900000000000000000000000000000000000000000000000000000   000000000000000000000005002        170192957705     
0010001300364U 280000000000000000000000000000000000000000000000000000000000000000000000000000000000000000000000000000000000000000000000000903201700000000            000000000000000                              000                           
0010001300365T 280180230000001544772 29577050428831077   788888888888889907022017000000000007500001000000888888888888899          0900000000000000000000000000000000000000000000000000000   000000000000000000000005002        170192957705     
0010001300366U 280000000000000000000000000000000000000000000000000000000000000000000000000000000000000000000000000000000000000000000000000903201700000000            000000000000000                              000                           
0010001300367T 280180230000001544772 29577050428936849   788888888888889907022017000000000007500001000000888888888888899          0900000000000000000000000000000000000000000000000000000   000000000000000000000005002        170192957705     
0010001300368U 280000000000000000000000000000000000000000000000000000000000000000000000000000000000000000000000000000000000000000000000000903201700000000            000000000000000                              000                           
0010001300369T 280180230000001544772 29577050429105959   788888888888889907022017000000000007500001000000888888888888899          0900000000000000000000000000000000000000000000000000000   000000000000000000000005002        170192957705     
0010001300370U 280000000000000000000000000000000000000000000000000000000000000000000000000000000000000000000000000000000000000000000000000903201700000000            000000000000000                              000                           
0010001300371T 280180230000001544772 29577050429216873   788888888888889907022017000000000007500001000000888888888888899          0900000000000000000000000000000000000000000000000000000   000000000000000000000005002        170192957705     
0010001300372U 280000000000000000000000000000000000000000000000000000000000000000000000000000000000000000000000000000000000000000000000000903201700000000            000000000000000                              000                           
0010001300373T 280180230000001544772 29577050429429245   788888888888889907022017000000000007500001000000888888888888899          0900000000000000000000000000000000000000000000000000000   000000000000000000000005002        170192957705     
0010001300374U 280000000000000000000000000000000000000000000000000000000000000000000000000000000000000000000000000000000000000000000000000903201700000000            000000000000000                              000                           
0010001300375T 280180230000001544772 29577050429608286   788888888888889907022017000000000007500001000000888888888888899          0900000000000000000000000000000000000000000000000000000   000000000000000000000005002        170192957705     
0010001300376U 280000000000000000000000000000000000000000000000000000000000000000000000000000000000000000000000000000000000000000000000000903201700000000            000000000000000                              000                           
0010001300377T 280180230000001544772 29577050429815080   788888888888889907022017000000000007500001000000888888888888899          0900000000000000000000000000000000000000000000000000000   000000000000000000000005002        170192957705     
0010001300378U 280000000000000000000000000000000000000000000000000000000000000000000000000000000000000000000000000000000000000000000000000903201700000000            000000000000000                              000                           
0010001300379T 280180230000001544772 29577050429951713   788888888888889907022017000000000007500001000000888888888888899          0900000000000000000000000000000000000000000000000000000   000000000000000000000005002        170192957705     
0010001300380U 280000000000000000000000000000000000000000000000000000000000000000000000000000000000000000000000000000000000000000000000000903201700000000            000000000000000                              000                           
0010001300381T 280180230000001544772 29577050430031617   788888888888889907022017000000000007500001000000888888888888899          0900000000000000000000000000000000000000000000000000000   000000000000000000000005002        170192957705     
0010001300382U 280000000000000000000000000000000000000000000000000000000000000000000000000000000000000000000000000000000000000000000000000903201700000000            000000000000000                              000                           
0010001300383T 280180230000001544772 29577050430139747   788888888888889907022017000000000007500001000000888888888888899          0900000000000000000000000000000000000000000000000000000   000000000000000000000005002        170192957705     
0010001300384U 280000000000000000000000000000000000000000000000000000000000000000000000000000000000000000000000000000000000000000000000000903201700000000            000000000000000                              000                           
0010001300385T 280180230000001544772 29577050430344973   788888888888889907022017000000000007500001000000888888888888899          0900000000000000000000000000000000000000000000000000000   000000000000000000000005002        170192957705     
0010001300386U 280000000000000000000000000000000000000000000000000000000000000000000000000000000000000000000000000000000000000000000000000903201700000000            000000000000000                              000                           
0010001300387T 280180230000001544772 29577050430453314   788888888888889907022017000000000007500001000000888888888888899          0900000000000000000000000000000000000000000000000000000   000000000000000000000005002        170192957705     
0010001300388U 280000000000000000000000000000000000000000000000000000000000000000000000000000000000000000000000000000000000000000000000000903201700000000            000000000000000                              000                           
0010001300389T 280180230000001544772 29577050430503923   788888888888889907022017000000000007500001000000888888888888899          0900000000000000000000000000000000000000000000000000000   000000000000000000000005002        170192957705     
0010001300390U 280000000000000000000000000000000000000000000000000000000000000000000000000000000000000000000000000000000000000000000000000903201700000000            000000000000000                              000                           
0010001300391T 280180230000001544772 29577058899889986   7               08012017000000000007500001000000                         0900000000000000000000000000000000000000000000000000000   000000000000000000000005002        170192957705     
0010001300392U 280000000000000000000000000000000000000000000000000000000000000000000000000000000000000000000000000000000000000000000000000903201700000000            000000000000000                              000                           
0010001300393T 280180230000001544772 29577058899889988   7               08012017000000000007500001000000                         0900000000000000000000000000000000000000000000000000000   000000000000000000000005002        170192957705     
0010001300394U 280000000000000000000000000000000000000000000000000000000000000000000000000000000000000000000000000000000000000000000000000903201700000000            000000000000000                              000                           
00100015         000396005112000000000391565000000000000000000000000000000000000000000000000000000000000000000000000000000000000000000000000000000                                                                                              
00199999         000001000398000000                                                                                                                                                            00000000000000000000000000000                    
