00100000         2247745860001000029577050014       0180230000001544772 INSTITUTO DE SELECAO E TECNOLOBANCO DO BRASIL                         20803201701302100012203000000515122941PROCESSAMEN                                                 
00100011T0100020 20247745860001000029577050014       0180230000001544772 INSTITUTO DE SELECAO E TECNOLO                                                                                000000000803201700000000  000000000                      
0010001300001T 020180230000001544772 29577050011704352   7               10032017000000000007500001000213                         0900000000000010000000000000000000000000000000000000000   0000000000000000000000000A9        170192957705     
0010001300002U 020000000000000000000000000000000000000000000000000000000000000000000000000000000000000000000000000000000000000000000000000803201700000000            000000000000000                              000                           
0010001300003T 020180230000001544772 29577050075953613   7               10032017000000000007500001000213                         0900000000000010000000000000000000000000000000000000000   0000000000000000000000000A9        170192957705     
0010001300004U 020000000000000000000000000000000000000000000000000000000000000000000000000000000000000000000000000000000000000000000000000803201700000000            000000000000000                              000                           
0010001300005T 020180230000001544772 29577050088857557   7               1003201700000000000750000103049X                         0900000000000010000000000000000000000000000000000000000   0000000000000000000000000A9        170192957705     
0010001300006U 020000000000000000000000000000000000000000000000000000000000000000000000000000000000000000000000000000000000000000000000000803201700000000            000000000000000                              000                           
0010001300007T 020180230000001544772 29577050119329337   7               09032017000000000007500001012416                         0900000000000010000000000000000000000000000000000000000   0000000000000000000000000A9        170192957705     
0010001300008U 020000000000000000000000000000000000000000000000000000000000000000000000000000000000000000000000000000000000000000000000000703201700000000            000000000000000                              000                           
0010001300009T 020180230000001544772 29577050119349993   7               09032017000000000007500001012416                         0900000000000010000000000000000000000000000000000000000   0000000000000000000000000A9        170192957705     
0010001300010U 020000000000000000000000000000000000000000000000000000000000000000000000000000000000000000000000000000000000000000000000000703201700000000            000000000000000                              000                           
0010001300011T 020180230000001544772 29577050169701292   7               1003201700000000000750000103049X                         0900000000000010000000000000000000000000000000000000000   0000000000000000000000000A9        170192957705     
0010001300012U 020000000000000000000000000000000000000000000000000000000000000000000000000000000000000000000000000000000000000000000000000803201700000000            000000000000000                              000                           
0010001300013T 020180230000001544772 29577050169717843   7               1003201700000000000750000103049X                         0900000000000010000000000000000000000000000000000000000   0000000000000000000000000A9        170192957705     
0010001300014U 020000000000000000000000000000000000000000000000000000000000000000000000000000000000000000000000000000000000000000000000000803201700000000            000000000000000                              000                           
0010001300015T 020180230000001544772 29577050169734084   7               1003201700000000000750000103049X                         0900000000000010000000000000000000000000000000000000000   0000000000000000000000000A9        170192957705     
0010001300016U 020000000000000000000000000000000000000000000000000000000000000000000000000000000000000000000000000000000000000000000000000803201700000000            000000000000000                              000                           
0010001300017T 020180230000001544772 29577050171041762   7               1003201700000000000750000103049X                         0900000000000010000000000000000000000000000000000000000   0000000000000000000000000A9        170192957705     
0010001300018U 020000000000000000000000000000000000000000000000000000000000000000000000000000000000000000000000000000000000000000000000000803201700000000            000000000000000                              000                           
0010001300019T 020180230000001544772 29577050198236331   7               10032017000000000007500001009245                         0900000000000010000000000000000000000000000000000000000   0000000000000000000000000A9        170192957705     
0010001300020U 020000000000000000000000000000000000000000000000000000000000000000000000000000000000000000000000000000000000000000000000000803201700000000            000000000000000                              000                           
0010001300021T 020180230000001544772 29577050216615565   7               1003201700000000000750000103049X                         0900000000000010000000000000000000000000000000000000000   0000000000000000000000000A9        170192957705     
0010001300022U 020000000000000000000000000000000000000000000000000000000000000000000000000000000000000000000000000000000000000000000000000803201700000000            000000000000000                              000                           
0010001300023T 020180230000001544772 29577050216637616   7               1003201700000000000750000103049X                         0900000000000010000000000000000000000000000000000000000   0000000000000000000000000A9        170192957705     
0010001300024U 020000000000000000000000000000000000000000000000000000000000000000000000000000000000000000000000000000000000000000000000000803201700000000            000000000000000                              000                           
0010001300025T 020180230000001544772 29577050238015496   7               10032017000000000010000001030864                         0900000000000010000000000000000000000000000000000000000   0000000000000000000000000A9        170192957705     
0010001300026U 020000000000000000000000000000000000000000000000000000000000000000000000000000000000000000000000000000000000000000000000000803201700000000            000000000000000                              000                           
0010001300027T 020180230000001544772 29577050249100841   7               10032017000000000010000001000213                         0900000000000010000000000000000000000000000000000000000   0000000000000000000000000A9        170192957705     
0010001300028U 020000000000000000000000000000000000000000000000000000000000000000000000000000000000000000000000000000000000000000000000000803201700000000            000000000000000                              000                           
0010001300029T 020180230000001544772 29577050261249064   7               09032017000000000007500001000833                         0900000000000010500000000000000000000000000000000000000   0000000000000000000000000A9A4      170192957705     
0010001300030U 020000000000000000000000000000000000000000000000000000000000000000000000000000000000000000000000000000000000000000000000000703201700000000            000000000000000                              000                           
0010001300031T 020180230000001544772 29577050263927024   7               10032017000000000007500001021121                         0900000000000010000000000000000000000000000000000000000   0000000000000000000000000A9        170192957705     
0010001300032U 020000000000000000000000000000000000000000000000000000000000000000000000000000000000000000000000000000000000000000000000000803201700000000            000000000000000                              000                           
0010001300033T 020180230000001544772 29577050288622077   7               10032017000000000007500001000213                         0900000000000010000000000000000000000000000000000000000   0000000000000000000000000A9        170192957705     
0010001300034U 020000000000000000000000000000000000000000000000000000000000000000000000000000000000000000000000000000000000000000000000000803201700000000            000000000000000                              000                           
0010001300035T 020180230000001544772 29577050290651726   7               10032017000000000007500001010561                         0900000000000010000000000000000000000000000000000000000   0000000000000000000000000A9        170192957705     
0010001300036U 020000000000000000000000000000000000000000000000000000000000000000000000000000000000000000000000000000000000000000000000000803201700000000            000000000000000                              000                           
0010001300037T 020180230000001544772 29577050328923563   7               1003201700000000001000000103049X                         0900000000000010000000000000000000000000000000000000000   0000000000000000000000000A9        170192957705     
0010001300038U 020000000000000000000000000000000000000000000000000000000000000000000000000000000000000000000000000000000000000000000000000803201700000000            000000000000000                              000                           
0010001300039T 020180230000001544772 29577050357712535   7               10032017000000000007500001000213                         0900000000000010000000000000000000000000000000000000000   0000000000000000000000000A9        170192957705     
0010001300040U 020000000000000000000000000000000000000000000000000000000000000000000000000000000000000000000000000000000000000000000000000803201700000000            000000000000000                              000                           
0010001300041T 020180230000001544772 29577050389810202   7               1003201700000000000750000103049X                         0900000000000010000000000000000000000000000000000000000   0000000000000000000000000A9        170192957705     
0010001300042U 020000000000000000000000000000000000000000000000000000000000000000000000000000000000000000000000000000000000000000000000000803201700000000            000000000000000                              000                           
0010001300043T 020180230000001544772 29577050389811390   7               1003201700000000000750000103049X                         0900000000000010000000000000000000000000000000000000000   0000000000000000000000000A9        170192957705     
0010001300044U 020000000000000000000000000000000000000000000000000000000000000000000000000000000000000000000000000000000000000000000000000803201700000000            000000000000000                              000                           
0010001300045T 020180230000001544772 29577050393335700   7               1003201700000000000750000103049X                         0900000000000010000000000000000000000000000000000000000   0000000000000000000000000A9        170192957705     
0010001300046U 020000000000000000000000000000000000000000000000000000000000000000000000000000000000000000000000000000000000000000000000000803201700000000            000000000000000                              000                           
0010001300047T 020180230000001544772 29577050417549912   7               10032017000000000007500001012416                         0900000000000010500000000000000000000000000000000000000   0000000000000000000000000A9A4      170192957705     
0010001300048U 020000000000000000000000000000000000000000000000000000000000000000000000000000000000000000000000000000000000000000000000000803201700000000            000000000000000                              000                           
0010001300049T 020180230000001544772 29577050423701538   7               10032017000000000007500001000833                         0900000000000010000000000000000000000000000000000000000   0000000000000000000000000A9        170192957705     
0010001300050U 020000000000000000000000000000000000000000000000000000000000000000000000000000000000000000000000000000000000000000000000000803201700000000            000000000000000                              000                           
0010001300051T 020180230000001544772 29577050423751788   7               10032017000000000007500001000833                         0900000000000010000000000000000000000000000000000000000   0000000000000000000000000A9        170192957705     
0010001300052U 020000000000000000000000000000000000000000000000000000000000000000000000000000000000000000000000000000000000000000000000000803201700000000            000000000000000                              000                           
0010001300053T 020180230000001544772 29577050431932689   7               10032017000000000007500001012416                         0900000000000010000000000000000000000000000000000000000   0000000000000000000000000A9        170192957705     
0010001300054U 020000000000000000000000000000000000000000000000000000000000000000000000000000000000000000000000000000000000000000000000000803201700000000            000000000000000                              000                           
0010001300055T 020180230000001544772 29577050432018649   7               10032017000000000007500001000213                         0900000000000010000000000000000000000000000000000000000   0000000000000000000000000A9        170192957705     
0010001300056U 020000000000000000000000000000000000000000000000000000000000000000000000000000000000000000000000000000000000000000000000000803201700000000            000000000000000                              000                           
0010001300057T 020180230000001544772 29577050448959863   7               1003201700000000000750000103049X                         0900000000000010000000000000000000000000000000000000000   0000000000000000000000000A9        170192957705     
0010001300058U 020000000000000000000000000000000000000000000000000000000000000000000000000000000000000000000000000000000000000000000000000803201700000000            000000000000000                              000                           
0010001300059T 020180230000001544772 29577050460225354   7               10032017000000000007500001001120                         0900000000000010000000000000000000000000000000000000000   0000000000000000000000000A9        170192957705     
0010001300060U 020000000000000000000000000000000000000000000000000000000000000000000000000000000000000000000000000000000000000000000000000803201700000000            000000000000000                              000                           
0010001300061T 020180230000001544772 29577050481206106   7               10032017000000000007500001012408                         0900000000000010000000000000000000000000000000000000000   0000000000000000000000000A9        170192957705     
0010001300062U 020000000000000000000000000000000000000000000000000000000000000000000000000000000000000000000000000000000000000000000000000803201700000000            000000000000000                              000                           
0010001300063T 020180230000001544772 29577050508706138   7               10032017000000000007500001000213                         0900000000000010000000000000000000000000000000000000000   0000000000000000000000000A9        170192957705     
0010001300064U 020000000000000000000000000000000000000000000000000000000000000000000000000000000000000000000000000000000000000000000000000803201700000000            000000000000000                              000                           
0010001300065T 020180230000001544772 29577050510611818   7               10032017000000000007500001012408                         0900000000000010000000000000000000000000000000000000000   0000000000000000000000000A9        170192957705     
0010001300066U 020000000000000000000000000000000000000000000000000000000000000000000000000000000000000000000000000000000000000000000000000803201700000000            000000000000000                              000                           
0010001300067T 020180230000001544772 29577050684324965   7               10032017000000000007500001000213                         0900000000000010000000000000000000000000000000000000000   0000000000000000000000000A9        170192957705     
0010001300068U 020000000000000000000000000000000000000000000000000000000000000000000000000000000000000000000000000000000000000000000000000803201700000000            000000000000000                              000                           
0010001300069T 020180230000001544772 29577050684327275   7               10032017000000000007500001000213                         0900000000000010000000000000000000000000000000000000000   0000000000000000000000000A9        170192957705     
0010001300070U 020000000000000000000000000000000000000000000000000000000000000000000000000000000000000000000000000000000000000000000000000803201700000000            000000000000000                              000                           
0010001300071T 020180230000001544772 29577050705624329   7               1003201700000000000750000103049X                         0900000000000010000000000000000000000000000000000000000   0000000000000000000000000A9        170192957705     
0010001300072U 020000000000000000000000000000000000000000000000000000000000000000000000000000000000000000000000000000000000000000000000000803201700000000            000000000000000                              000                           
0010001300073T 020180230000001544772 29577050744405773   7               1003201700000000000750000103049X                         0900000000000010000000000000000000000000000000000000000   0000000000000000000000000A9        170192957705     
0010001300074U 020000000000000000000000000000000000000000000000000000000000000000000000000000000000000000000000000000000000000000000000000803201700000000            000000000000000                              000                           
0010001300075T 020180230000001544772 29577050772056328   7               10032017000000000007500001000213                         0900000000000010000000000000000000000000000000000000000   0000000000000000000000000A9        170192957705     
0010001300076U 020000000000000000000000000000000000000000000000000000000000000000000000000000000000000000000000000000000000000000000000000803201700000000            000000000000000                              000                           
0010001300077T 020180230000001544772 29577050885238770   7               1003201700000000000750000103049X                         0900000000000010000000000000000000000000000000000000000   0000000000000000000000000A9        170192957705     
0010001300078U 020000000000000000000000000000000000000000000000000000000000000000000000000000000000000000000000000000000000000000000000000803201700000000            000000000000000                              000                           
0010001300079T 020180230000001544772 29577050928138158   7               1003201700000000000750000103049X                         0900000000000010000000000000000000000000000000000000000   0000000000000000000000000A9        170192957705     
0010001300080U 020000000000000000000000000000000000000000000000000000000000000000000000000000000000000000000000000000000000000000000000000803201700000000            000000000000000                              000                           
0010001300081T 020180230000001544772 29577050933234896   7               10032017000000000007500001009245                         0900000000000010000000000000000000000000000000000000000   0000000000000000000000000A9        170192957705     
0010001300082U 020000000000000000000000000000000000000000000000000000000000000000000000000000000000000000000000000000000000000000000000000803201700000000            000000000000000                              000                           
0010001300083T 020180230000001544772 29577050944253496   7               1003201700000000000750000103049X                         0900000000000010000000000000000000000000000000000000000   0000000000000000000000000A9        170192957705     
0010001300084U 020000000000000000000000000000000000000000000000000000000000000000000000000000000000000000000000000000000000000000000000000803201700000000            000000000000000                              000                           
0010001300085T 020180230000001544772 29577050991055094   7               1003201700000000000750000103049X                         0900000000000010000000000000000000000000000000000000000   0000000000000000000000000A9        170192957705     
0010001300086U 020000000000000000000000000000000000000000000000000000000000000000000000000000000000000000000000000000000000000000000000000803201700000000            000000000000000                              000                           
0010001300087T 020180230000001544772 29577051008725287   7               10032017000000000007500001012416                         0900000000000010000000000000000000000000000000000000000   0000000000000000000000000A9        170192957705     
0010001300088U 020000000000000000000000000000000000000000000000000000000000000000000000000000000000000000000000000000000000000000000000000803201700000000            000000000000000                              000                           
0010001300089T 020180230000001544772 29577051037313652   7               10032017000000000007500001012408                         0900000000000010000000000000000000000000000000000000000   0000000000000000000000000A9        170192957705     
0010001300090U 020000000000000000000000000000000000000000000000000000000000000000000000000000000000000000000000000000000000000000000000000803201700000000            000000000000000                              000                           
0010001300091T 020180230000001544772 29577051038506290   7               1003201700000000000750000100281X                         0900000000000010000000000000000000000000000000000000000   0000000000000000000000000A9        170192957705     
0010001300092U 020000000000000000000000000000000000000000000000000000000000000000000000000000000000000000000000000000000000000000000000000803201700000000            000000000000000                              000                           
0010001300093T 020180230000001544772 29577051044542445   7               10032017000000000007500001012408                         0900000000000010000000000000000000000000000000000000000   0000000000000000000000000A9        170192957705     
0010001300094U 020000000000000000000000000000000000000000000000000000000000000000000000000000000000000000000000000000000000000000000000000803201700000000            000000000000000                              000                           
0010001300095T 020180230000001544772 29577051046302365   7               09032017000000000007500001000051                         0900000000000010000000000000000000000000000000000000000   0000000000000000000000000A9        170192957705     
0010001300096U 020000000000000000000000000000000000000000000000000000000000000000000000000000000000000000000000000000000000000000000000000703201700000000            000000000000000                              000                           
0010001300097T 020180230000001544772 29577051046311169   7               09032017000000000007500001000051                         0900000000000010000000000000000000000000000000000000000   0000000000000000000000000A9        170192957705     
0010001300098U 020000000000000000000000000000000000000000000000000000000000000000000000000000000000000000000000000000000000000000000000000703201700000000            000000000000000                              000                           
0010001300099T 020180230000001544772 29577051048744591   7               10032017000000000007500001000213                         0900000000000010000000000000000000000000000000000000000   0000000000000000000000000A9        170192957705     
0010001300100U 020000000000000000000000000000000000000000000000000000000000000000000000000000000000000000000000000000000000000000000000000803201700000000            000000000000000                              000                           
0010001300101T 020180230000001544772 29577051048905648   7               10032017000000000007500001000051                         0900000000000010000000000000000000000000000000000000000   0000000000000000000000000A9        170192957705     
0010001300102U 020000000000000000000000000000000000000000000000000000000000000000000000000000000000000000000000000000000000000000000000000803201700000000            000000000000000                              000                           
0010001300103T 020180230000001544772 29577051048945815   7               10032017000000000007500001000051                         0900000000000010000000000000000000000000000000000000000   0000000000000000000000000A9        170192957705     
0010001300104U 020000000000000000000000000000000000000000000000000000000000000000000000000000000000000000000000000000000000000000000000000803201700000000            000000000000000                              000                           
0010001300105T 020180230000001544772 29577051048959337   7               10032017000000000007500001000051                         0900000000000010000000000000000000000000000000000000000   0000000000000000000000000A9        170192957705     
0010001300106U 020000000000000000000000000000000000000000000000000000000000000000000000000000000000000000000000000000000000000000000000000803201700000000            000000000000000                              000                           
0010001300107T 020180230000001544772 29577051059200211   7               09032017000000000010000001008338                         0900000000000010000000000000000000000000000000000000000   0000000000000000000000000A9        170192957705     
0010001300108U 020000000000000000000000000000000000000000000000000000000000000000000000000000000000000000000000000000000000000000000000000703201700000000            000000000000000                              000                           
0010001300109T 020180230000001544772 29577051059223278   7               09032017000000000010000001008338                         0900000000000010000000000000000000000000000000000000000   0000000000000000000000000A9        170192957705     
0010001300110U 020000000000000000000000000000000000000000000000000000000000000000000000000000000000000000000000000000000000000000000000000703201700000000            000000000000000                              000                           
0010001300111T 020180230000001544772 29577051059439726   7               09032017000000000010000001008338                         0900000000000010000000000000000000000000000000000000000   0000000000000000000000000A9        170192957705     
0010001300112U 020000000000000000000000000000000000000000000000000000000000000000000000000000000000000000000000000000000000000000000000000703201700000000            000000000000000                              000                           
0010001300113T 020180230000001544772 29577051059851538   7               10032017000000000010000001012416                         0900000000000010000000000000000000000000000000000000000   0000000000000000000000000A9        170192957705     
0010001300114U 020000000000000000000000000000000000000000000000000000000000000000000000000000000000000000000000000000000000000000000000000803201700000000            000000000000000                              000                           
0010001300115T 020180230000001544772 29577051065213589   7               10032017000000000007500001000213                         0900000000000010000000000000000000000000000000000000000   0000000000000000000000000A9        170192957705     
0010001300116U 020000000000000000000000000000000000000000000000000000000000000000000000000000000000000000000000000000000000000000000000000803201700000000            000000000000000                              000                           
0010001300117T 020180230000001544772 29577051065221679   7               10032017000000000007500001000213                         0900000000000010000000000000000000000000000000000000000   0000000000000000000000000A9        170192957705     
0010001300118U 020000000000000000000000000000000000000000000000000000000000000000000000000000000000000000000000000000000000000000000000000803201700000000            000000000000000                              000                           
0010001300119T 020180230000001544772 29577051066037027   7               10032017000000000007500001012408                         0900000000000010000000000000000000000000000000000000000   0000000000000000000000000A9        170192957705     
0010001300120U 020000000000000000000000000000000000000000000000000000000000000000000000000000000000000000000000000000000000000000000000000803201700000000            000000000000000                              000                           
0010001300121T 020180230000001544772 29577051081757644   7               1003201700000000000750000103049X                         0900000000000010000000000000000000000000000000000000000   0000000000000000000000000A9        170192957705     
0010001300122U 020000000000000000000000000000000000000000000000000000000000000000000000000000000000000000000000000000000000000000000000000803201700000000            000000000000000                              000                           
0010001300123T 020180230000001544772 29577051109332583   7               1003201700000000000750000103049X                         0900000000000010000000000000000000000000000000000000000   0000000000000000000000000A9        170192957705     
0010001300124U 020000000000000000000000000000000000000000000000000000000000000000000000000000000000000000000000000000000000000000000000000803201700000000            000000000000000                              000                           
0010001300125T 020180230000001544772 29577051109350010   7               1003201700000000000750000103049X                         0900000000000010000000000000000000000000000000000000000   0000000000000000000000000A9        170192957705     
0010001300126U 020000000000000000000000000000000000000000000000000000000000000000000000000000000000000000000000000000000000000000000000000803201700000000            000000000000000                              000                           
0010001300127T 020180230000001544772 29577051119848525   7               09032017000000000007500001025410                         0900000000000010000000000000000000000000000000000000000   0000000000000000000000000A9        170192957705     
0010001300128U 020000000000000000000000000000000000000000000000000000000000000000000000000000000000000000000000000000000000000000000000000703201700000000            000000000000000                              000                           
0010001300129T 020180230000001544772 29577051120140995   7               1003201700000000000750000103049X                         0900000000000010500000000000000000000000000000000000000   0000000000000000000000000A9A4      170192957705     
0010001300130U 020000000000000000000000000000000000000000000000000000000000000000000000000000000000000000000000000000000000000000000000000803201700000000            000000000000000                              000                           
0010001300131T 020180230000001544772 29577051120147594   7               1003201700000000000750000103049X                         0900000000000010500000000000000000000000000000000000000   0000000000000000000000000A9A4      170192957705     
0010001300132U 020000000000000000000000000000000000000000000000000000000000000000000000000000000000000000000000000000000000000000000000000803201700000000            000000000000000                              000                           
0010001300133T 020180230000001544772 29577051120158628   7               1003201700000000000750000103049X                         0900000000000010500000000000000000000000000000000000000   0000000000000000000000000A9A4      170192957705     
0010001300134U 020000000000000000000000000000000000000000000000000000000000000000000000000000000000000000000000000000000000000000000000000803201700000000            000000000000000                              000                           
0010001300135T 020180230000001544772 29577051120651715   7               1003201700000000000750000103049X                         0900000000000010500000000000000000000000000000000000000   0000000000000000000000000A9A4      170192957705     
0010001300136U 020000000000000000000000000000000000000000000000000000000000000000000000000000000000000000000000000000000000000000000000000803201700000000            000000000000000                              000                           
0010001300137T 020180230000001544772 29577051121139667   7               1003201700000000000750000101981X                         0900000000000010000000000000000000000000000000000000000   0000000000000000000000000A9        170192957705     
0010001300138U 020000000000000000000000000000000000000000000000000000000000000000000000000000000000000000000000000000000000000000000000000803201700000000            000000000000000                              000                           
0010001300139T 020180230000001544772 29577051122013848   7               10032017000000000007500001000833                         0900000000000010000000000000000000000000000000000000000   0000000000000000000000000A9        170192957705     
0010001300140U 020000000000000000000000000000000000000000000000000000000000000000000000000000000000000000000000000000000000000000000000000803201700000000            000000000000000                              000                           
0010001300141T 020180230000001544772 29577051122033151   7               10032017000000000007500001000833                         0900000000000010000000000000000000000000000000000000000   0000000000000000000000000A9        170192957705     
0010001300142U 020000000000000000000000000000000000000000000000000000000000000000000000000000000000000000000000000000000000000000000000000803201700000000            000000000000000                              000                           
0010001300143T 020180230000001544772 29577051122744111   7               10032017000000000007500001000213                         0900000000000010000000000000000000000000000000000000000   0000000000000000000000000A9        170192957705     
0010001300144U 020000000000000000000000000000000000000000000000000000000000000000000000000000000000000000000000000000000000000000000000000803201700000000            000000000000000                              000                           
0010001300145T 020180230000001544772 29577051122936829   7               10032017000000000007500001000213                         0900000000000010000000000000000000000000000000000000000   0000000000000000000000000A9        170192957705     
0010001300146U 020000000000000000000000000000000000000000000000000000000000000000000000000000000000000000000000000000000000000000000000000803201700000000            000000000000000                              000                           
0010001300147T 020180230000001544772 29577051123011981   7               10032017000000000007500001000213                         0900000000000010000000000000000000000000000000000000000   0000000000000000000000000A9        170192957705     
0010001300148U 020000000000000000000000000000000000000000000000000000000000000000000000000000000000000000000000000000000000000000000000000803201700000000            000000000000000                              000                           
0010001300149T 020180230000001544772 29577051124057658   7               1003201700000000000750000103049X                         0900000000000010000000000000000000000000000000000000000   0000000000000000000000000A9        170192957705     
0010001300150U 020000000000000000000000000000000000000000000000000000000000000000000000000000000000000000000000000000000000000000000000000803201700000000            000000000000000                              000                           
0010001300151T 020180230000001544772 29577051124936338   7               10032017000000000010000001018376                         0900000000000010000000000000000000000000000000000000000   0000000000000000000000000A9        170192957705     
0010001300152U 020000000000000000000000000000000000000000000000000000000000000000000000000000000000000000000000000000000000000000000000000803201700000000            000000000000000                              000                           
0010001300153T 020180230000001544772 29577051128338533   7               1003201700000000000750000103049X                         0900000000000010000000000000000000000000000000000000000   0000000000000000000000000A9        170192957705     
0010001300154U 020000000000000000000000000000000000000000000000000000000000000000000000000000000000000000000000000000000000000000000000000803201700000000            000000000000000                              000                           
0010001300155T 020180230000001544772 29577051128449460   7               1003201700000000000750000103049X                         0900000000000010000000000000000000000000000000000000000   0000000000000000000000000A9        170192957705     
0010001300156U 020000000000000000000000000000000000000000000000000000000000000000000000000000000000000000000000000000000000000000000000000803201700000000            000000000000000                              000                           
0010001300157T 020180230000001544772 29577051130711441   7               10032017000000000010000001016020                         0900000000000010000000000000000000000000000000000000000   0000000000000000000000000A9        170192957705     
0010001300158U 020000000000000000000000000000000000000000000000000000000000000000000000000000000000000000000000000000000000000000000000000803201700000000            000000000000000                              000                           
0010001300159T 020180230000001544772 29577051131113918   7               1003201700000000000750000103049X                         0900000000000010000000000000000000000000000000000000000   0000000000000000000000000A9        170192957705     
0010001300160U 020000000000000000000000000000000000000000000000000000000000000000000000000000000000000000000000000000000000000000000000000803201700000000            000000000000000                              000                           
0010001300161T 020180230000001544772 29577051132741208   7               1003201700000000000750000103049X                         0900000000000010500000000000000000000000000000000000000   0000000000000000000000000A9A4      170192957705     
0010001300162U 020000000000000000000000000000000000000000000000000000000000000000000000000000000000000000000000000000000000000000000000000803201700000000            000000000000000                              000                           
0010001300163T 020180230000001544772 29577051133331531   7               1003201700000000000750000101981X                         0900000000000010000000000000000000000000000000000000000   0000000000000000000000000A9        170192957705     
0010001300164U 020000000000000000000000000000000000000000000000000000000000000000000000000000000000000000000000000000000000000000000000000803201700000000            000000000000000                              000                           
0010001300165T 020180230000001544772 29577051134449354   7               10032017000000000007500001036900                         0900000000000010000000000000000000000000000000000000000   0000000000000000000000000A9        170192957705     
0010001300166U 020000000000000000000000000000000000000000000000000000000000000000000000000000000000000000000000000000000000000000000000000803201700000000            000000000000000                              000                           
0010001300167T 060180230000001544772 29577050088857557   7               10032017000000000007500104008230                         0900000000000010000000000000000000000000000000000000000   000000000000000000000029000        170192957705     
0010001300168U 060000000000000000000000000000000000000000000000000000000000000000000000075000000000000072100000000000000000000000000000000803201709032017            000000000000000                              000                           
0010001300169T 060180230000001544772 29577050201556749   7               08032017000000000007500021002740                         0900000000000010000000000000000000000000000000000000000   000000000000000000000029000        170192957705     
0010001300170U 060000000000000000000000000000000000000000000000000000000000000000000000075000000000000072100000000000000000000000000000000803201709032017            000000000000000                              000                           
0010001300171T 060180230000001544772 29577050216615565   7               10032017000000000007500104006620                         0900000000000010000000000000000000000000000000000000000   000000000000000000000029000        170192957705     
0010001300172U 060000000000000000000000000000000000000000000000000000000000000000000000075000000000000072100000000000000000000000000000000803201709032017            000000000000000                              000                           
0010001300173T 060180230000001544772 29577050233317668   7               08032017000000000007500033001020                         0900000000000010000000000000000000000000000000000000000   000000000000000000000029000        170192957705     
0010001300174U 060000000000000000000000000000000000000000000000000000000000000000000000075000000000000072100000000000000000000000000000000803201709032017            000000000000000                              000                           
0010001300175T 060180230000001544772 29577050239753043   7               08032017000000000010000001000485                         0900000000000010000000000000000000000000000000000000000   000000000000000000000029000        170192957705     
0010001300176U 060000000000000000000000000000000000000000000000000000000000000000000000100000000000000097100000000000000000000000000000000803201709032017            000000000000000                              000                           
0010001300177T 060180230000001544772 29577050263927024   7               10032017000000000007500104021460                         0900000000000010000000000000000000000000000000000000000   000000000000000000000029000        170192957705     
0010001300178U 060000000000000000000000000000000000000000000000000000000000000000000000075000000000000072100000000000000000000000000000000803201709032017            000000000000000                              000                           
0010001300179T 060180230000001544772 29577050416552931   7               08032017000000000007500104031320                         0900000000000010000000000000000000000000000000000000000   000000000000000000000029000        170192957705     
0010001300180U 060000000000000000000000000000000000000000000000000000000000000000000000075000000000000072100000000000000000000000000000000803201709032017            000000000000000                              000                           
0010001300181T 060180230000001544772 29577050530335231   7               09032017000000000007500104001730                         0900000000000010000000000000000000000000000000000000000   000000000000000000000029000        170192957705     
0010001300182U 060000000000000000000000000000000000000000000000000000000000000000000000075000000000000072100000000000000000000000000000000803201709032017            000000000000000                              000                           
0010001300183T 060180230000001544772 29577050725553215   7               08032017000000000007500001056103                         0900000000000010000000000000000000000000000000000000000   000000000000000000000029000        170192957705     
0010001300184U 060000000000000000000000000000000000000000000000000000000000000000000000075000000000000072100000000000000000000000000000000803201709032017            000000000000000                              000                           
0010001300185T 060180230000001544772 29577050725616965   7               08032017000000000007500001056103                         0900000000000010000000000000000000000000000000000000000   000000000000000000000029000        170192957705     
0010001300186U 060000000000000000000000000000000000000000000000000000000000000000000000075000000000000072100000000000000000000000000000000803201709032017            000000000000000                              000                           
0010001300187T 060180230000001544772 29577050725739649   7               08032017000000000007500001056103                         0900000000000010000000000000000000000000000000000000000   000000000000000000000029000        170192957705     
0010001300188U 060000000000000000000000000000000000000000000000000000000000000000000000075000000000000072100000000000000000000000000000000803201709032017            000000000000000                              000                           
0010001300189T 060180230000001544772 29577050778100809   7               08032017000000000007500104025030                         0900000000000010000000000000000000000000000000000000000   000000000000000000000029000        170192957705     
0010001300190U 060000000000000000000000000000000000000000000000000000000000000000000000075000000000000072100000000000000000000000000000000803201709032017            000000000000000                              000                           
0010001300191T 060180230000001544772 29577050803045250   7               09032017000000000007500237066820                         0900000000000010000000000000000000000000000000000000000   000000000000000000000029000        170192957705     
0010001300192U 060000000000000000000000000000000000000000000000000000000000000000000000075000000000000072100000000000000000000000000000000803201709032017            000000000000000                              000                           
0010001300193T 060180230000001544772 29577050947838801   7               09032017000000000007500104020420                         0900000000000010000000000000000000000000000000000000000   000000000000000000000029000        170192957705     
0010001300194U 060000000000000000000000000000000000000000000000000000000000000000000000075000000000000072100000000000000000000000000000000803201709032017            000000000000000                              000                           
0010001300195T 060180230000001544772 29577051034649290   7               09032017000000000007500104046070                         0900000000000010000000000000000000000000000000000000000   000000000000000000000029000        170192957705     
0010001300196U 060000000000000000000000000000000000000000000000000000000000000000000000075000000000000072100000000000000000000000000000000803201709032017            000000000000000                              000                           
0010001300197T 060180230000001544772 29577051044542445   7               10032017000000000007500104016430                         0900000000000010000000000000000000000000000000000000000   000000000000000000000029000        170192957705     
0010001300198U 060000000000000000000000000000000000000000000000000000000000000000000000075000000000000072100000000000000000000000000000000803201709032017            000000000000000                              000                           
0010001300199T 060180230000001544772 29577051047414114   7               08032017000000000007500001002224                         0900000000000010000000000000000000000000000000000000000   000000000000000000000029000        170192957705     
0010001300200U 060000000000000000000000000000000000000000000000000000000000000000000000075000000000000072100000000000000000000000000000000803201709032017            000000000000000                              000                           
0010001300201T 060180230000001544772 29577051048744591   7               10032017000000000007500021001030                         0900000000000010000000000000000000000000000000000000000   000000000000000000000029000        170192957705     
0010001300202U 060000000000000000000000000000000000000000000000000000000000000000000000075000000000000072100000000000000000000000000000000803201709032017            000000000000000                              000                           
0010001300203T 060180230000001544772 29577051048905648   7               10032017000000000007500341061860                         0900000000000010000000000000000000000000000000000000000   000000000000000000000029000        170192957705     
0010001300204U 060000000000000000000000000000000000000000000000000000000000000000000000075000000000000072100000000000000000000000000000000803201709032017            000000000000000                              000                           
0010001300205T 060180230000001544772 29577051079244758   7               08032017000000000007500237030650                         0900000000000010000000000000000000000000000000000000000   000000000000000000000029000        170192957705     
0010001300206U 060000000000000000000000000000000000000000000000000000000000000000000000075000000000000072100000000000000000000000000000000803201709032017            000000000000000                              000                           
0010001300207T 060180230000001544772 29577051089332304   7               08032017000000000007500001018023                         0900000000000010000000000000000000000000000000000000000   000000000000000000000029000        170192957705     
0010001300208U 060000000000000000000000000000000000000000000000000000000000000000000000075000000000000072100000000000000000000000000000000803201709032017            000000000000000                              000                           
0010001300209T 060180230000001544772 29577051091410356   7               08032017000000000007500021001050                         0900000000000010000000000000000000000000000000000000000   000000000000000000000029000        170192957705     
0010001300210U 060000000000000000000000000000000000000000000000000000000000000000000000075000000000000072100000000000000000000000000000000803201709032017            000000000000000                              000                           
0010001300211T 060180230000001544772 29577051106543697   7               09032017000000000007500021000660                         0900000000000010000000000000000000000000000000000000000   000000000000000000000029000        170192957705     
0010001300212U 060000000000000000000000000000000000000000000000000000000000000000000000075000000000000072100000000000000000000000000000000803201709032017            000000000000000                              000                           
0010001300213T 060180230000001544772 29577051109332583   7               10032017000000000007500021000660                         0900000000000010000000000000000000000000000000000000000   000000000000000000000029000        170192957705     
0010001300214U 060000000000000000000000000000000000000000000000000000000000000000000000075000000000000072100000000000000000000000000000000803201709032017            000000000000000                              000                           
0010001300215T 280180230000001544772 29577050050049856   788888888888889907012017000000000007500001000000888888888888899          0900000000000000000000000000000000000000000000000000000   000000000000000000000005002        170192957705     
0010001300216U 280000000000000000000000000000000000000000000000000000000000000000000000000000000000000000000000000000000000000000000000000803201700000000            000000000000000                              000                           
0010001300217T 280180230000001544772 29577050052555189   788888888888889907012017000000000007500001000000888888888888899          0900000000000000000000000000000000000000000000000000000   000000000000000000000005002        170192957705     
0010001300218U 280000000000000000000000000000000000000000000000000000000000000000000000000000000000000000000000000000000000000000000000000803201700000000            000000000000000                              000                           
0010001300219T 280180230000001544772 29577050055626069   788888888888889907012017000000000007500001000000888888888888899          0900000000000000000000000000000000000000000000000000000   000000000000000000000005002        170192957705     
0010001300220U 280000000000000000000000000000000000000000000000000000000000000000000000000000000000000000000000000000000000000000000000000803201700000000            000000000000000                              000                           
0010001300221T 280180230000001544772 29577050058723707   788888888888889907012017000000000007500001000000888888888888899          0900000000000000000000000000000000000000000000000000000   000000000000000000000005002        170192957705     
0010001300222U 280000000000000000000000000000000000000000000000000000000000000000000000000000000000000000000000000000000000000000000000000803201700000000            000000000000000                              000                           
0010001300223T 280180230000001544772 29577050058726147   788888888888889907012017000000000007500001000000888888888888899          0900000000000000000000000000000000000000000000000000000   000000000000000000000005002        170192957705     
0010001300224U 280000000000000000000000000000000000000000000000000000000000000000000000000000000000000000000000000000000000000000000000000803201700000000            000000000000000                              000                           
0010001300225T 280180230000001544772 29577050058731385   788888888888889907012017000000000007500001000000888888888888899          0900000000000000000000000000000000000000000000000000000   000000000000000000000005002        170192957705     
0010001300226U 280000000000000000000000000000000000000000000000000000000000000000000000000000000000000000000000000000000000000000000000000803201700000000            000000000000000                              000                           
0010001300227T 280180230000001544772 29577050068959566   788888888888889907012017000000000007500001000000888888888888899          0900000000000000000000000000000000000000000000000000000   000000000000000000000005002        170192957705     
0010001300228U 280000000000000000000000000000000000000000000000000000000000000000000000000000000000000000000000000000000000000000000000000803201700000000            000000000000000                              000                           
0010001300229T 280180230000001544772 29577050075328972   788888888888889906022017000000000007500001000000888888888888899          0900000000000000000000000000000000000000000000000000000   000000000000000000000005002        170192957705     
0010001300230U 280000000000000000000000000000000000000000000000000000000000000000000000000000000000000000000000000000000000000000000000000803201700000000            000000000000000                              000                           
0010001300231T 280180230000001544772 29577050102925254   788888888888889906022017000000000007500001000000888888888888899          0900000000000000000000000000000000000000000000000000000   000000000000000000000005002        170192957705     
0010001300232U 280000000000000000000000000000000000000000000000000000000000000000000000000000000000000000000000000000000000000000000000000803201700000000            000000000000000                              000                           
0010001300233T 280180230000001544772 29577050102936836   788888888888889906022017000000000007500001000000888888888888899          0900000000000000000000000000000000000000000000000000000   000000000000000000000005002        170192957705     
0010001300234U 280000000000000000000000000000000000000000000000000000000000000000000000000000000000000000000000000000000000000000000000000803201700000000            000000000000000                              000                           
0010001300235T 280180230000001544772 29577050128049942   788888888888889907012017000000000007500001000000888888888888899          0900000000000000000000000000000000000000000000000000000   000000000000000000000005002        170192957705     
0010001300236U 280000000000000000000000000000000000000000000000000000000000000000000000000000000000000000000000000000000000000000000000000803201700000000            000000000000000                              000                           
0010001300237T 280180230000001544772 29577050130530684   788888888888889907012017000000000007500001000000888888888888899          0900000000000000000000000000000000000000000000000000000   000000000000000000000005002        170192957705     
0010001300238U 280000000000000000000000000000000000000000000000000000000000000000000000000000000000000000000000000000000000000000000000000803201700000000            000000000000000                              000                           
0010001300239T 280180230000001544772 29577050130554564   788888888888889907012017000000000007500001000000888888888888899          0900000000000000000000000000000000000000000000000000000   000000000000000000000005002        170192957705     
0010001300240U 280000000000000000000000000000000000000000000000000000000000000000000000000000000000000000000000000000000000000000000000000803201700000000            000000000000000                              000                           
0010001300241T 280180230000001544772 29577050130814525   788888888888889906022017000000000007500001000000888888888888899          0900000000000000000000000000000000000000000000000000000   000000000000000000000005002        170192957705     
0010001300242U 280000000000000000000000000000000000000000000000000000000000000000000000000000000000000000000000000000000000000000000000000803201700000000            000000000000000                              000                           
0010001300243T 280180230000001544772 29577050130855613   788888888888889907012017000000000007500001000000888888888888899          0900000000000000000000000000000000000000000000000000000   000000000000000000000005002        170192957705     
0010001300244U 280000000000000000000000000000000000000000000000000000000000000000000000000000000000000000000000000000000000000000000000000803201700000000            000000000000000                              000                           
0010001300245T 280180230000001544772 29577050139910658   788888888888889907012017000000000007500001000000888888888888899          0900000000000000000000000000000000000000000000000000000   000000000000000000000005002        170192957705     
0010001300246U 280000000000000000000000000000000000000000000000000000000000000000000000000000000000000000000000000000000000000000000000000803201700000000            000000000000000                              000                           
0010001300247T 280180230000001544772 29577050140339859   788888888888889907012017000000000007500001000000888888888888899          0900000000000000000000000000000000000000000000000000000   000000000000000000000005002        170192957705     
0010001300248U 280000000000000000000000000000000000000000000000000000000000000000000000000000000000000000000000000000000000000000000000000803201700000000            000000000000000                              000                           
0010001300249T 280180230000001544772 29577050156242393   788888888888889907012017000000000007500001000000888888888888899          0900000000000000000000000000000000000000000000000000000   000000000000000000000005002        170192957705     
0010001300250U 280000000000000000000000000000000000000000000000000000000000000000000000000000000000000000000000000000000000000000000000000803201700000000            000000000000000                              000                           
0010001300251T 280180230000001544772 29577050156339603   788888888888889907012017000000000007500001000000888888888888899          0900000000000000000000000000000000000000000000000000000   000000000000000000000005002        170192957705     
0010001300252U 280000000000000000000000000000000000000000000000000000000000000000000000000000000000000000000000000000000000000000000000000803201700000000            000000000000000                              000                           
0010001300253T 280180230000001544772 29577050156442839   788888888888889907012017000000000007500001000000888888888888899          0900000000000000000000000000000000000000000000000000000   000000000000000000000005002        170192957705     
0010001300254U 280000000000000000000000000000000000000000000000000000000000000000000000000000000000000000000000000000000000000000000000000803201700000000            000000000000000                              000                           
0010001300255T 280180230000001544772 29577050156725201   788888888888889907012017000000000007500001000000888888888888899          0900000000000000000000000000000000000000000000000000000   000000000000000000000005002        170192957705     
0010001300256U 280000000000000000000000000000000000000000000000000000000000000000000000000000000000000000000000000000000000000000000000000803201700000000            000000000000000                              000                           
0010001300257T 280180230000001544772 29577050156854992   788888888888889907012017000000000007500001000000888888888888899          0900000000000000000000000000000000000000000000000000000   000000000000000000000005002        170192957705     
0010001300258U 280000000000000000000000000000000000000000000000000000000000000000000000000000000000000000000000000000000000000000000000000803201700000000            000000000000000                              000                           
0010001300259T 280180230000001544772 29577050157023238   788888888888889907012017000000000007500001000000888888888888899          0900000000000000000000000000000000000000000000000000000   000000000000000000000005002        170192957705     
0010001300260U 280000000000000000000000000000000000000000000000000000000000000000000000000000000000000000000000000000000000000000000000000803201700000000            000000000000000                              000                           
0010001300261T 280180230000001544772 29577050157123118   788888888888889907012017000000000007500001000000888888888888899          0900000000000000000000000000000000000000000000000000000   000000000000000000000005002        170192957705     
0010001300262U 280000000000000000000000000000000000000000000000000000000000000000000000000000000000000000000000000000000000000000000000000803201700000000            000000000000000                              000                           
0010001300263T 280180230000001544772 29577050157147026   788888888888889907012017000000000007500001000000888888888888899          0900000000000000000000000000000000000000000000000000000   000000000000000000000005002        170192957705     
0010001300264U 280000000000000000000000000000000000000000000000000000000000000000000000000000000000000000000000000000000000000000000000000803201700000000            000000000000000                              000                           
0010001300265T 280180230000001544772 29577050157240096   788888888888889907012017000000000007500001000000888888888888899          0900000000000000000000000000000000000000000000000000000   000000000000000000000005002        170192957705     
0010001300266U 280000000000000000000000000000000000000000000000000000000000000000000000000000000000000000000000000000000000000000000000000803201700000000            000000000000000                              000                           
0010001300267T 280180230000001544772 29577050157517476   788888888888889907012017000000000007500001000000888888888888899          0900000000000000000000000000000000000000000000000000000   000000000000000000000005002        170192957705     
0010001300268U 280000000000000000000000000000000000000000000000000000000000000000000000000000000000000000000000000000000000000000000000000803201700000000            000000000000000                              000                           
0010001300269T 280180230000001544772 29577050157529698   788888888888889907012017000000000007500001000000888888888888899          0900000000000000000000000000000000000000000000000000000   000000000000000000000005002        170192957705     
0010001300270U 280000000000000000000000000000000000000000000000000000000000000000000000000000000000000000000000000000000000000000000000000803201700000000            000000000000000                              000                           
0010001300271T 280180230000001544772 29577050157642988   788888888888889907012017000000000007500001000000888888888888899          0900000000000000000000000000000000000000000000000000000   000000000000000000000005002        170192957705     
0010001300272U 280000000000000000000000000000000000000000000000000000000000000000000000000000000000000000000000000000000000000000000000000803201700000000            000000000000000                              000                           
0010001300273T 280180230000001544772 29577050157811438   788888888888889907012017000000000007500001000000888888888888899          0900000000000000000000000000000000000000000000000000000   000000000000000000000005002        170192957705     
0010001300274U 280000000000000000000000000000000000000000000000000000000000000000000000000000000000000000000000000000000000000000000000000803201700000000            000000000000000                              000                           
0010001300275T 280180230000001544772 29577050157900037   788888888888889907012017000000000007500001000000888888888888899          0900000000000000000000000000000000000000000000000000000   000000000000000000000005002        170192957705     
0010001300276U 280000000000000000000000000000000000000000000000000000000000000000000000000000000000000000000000000000000000000000000000000803201700000000            000000000000000                              000                           
0010001300277T 280180230000001544772 29577050158103609   788888888888889907012017000000000007500001000000888888888888899          0900000000000000000000000000000000000000000000000000000   000000000000000000000005002        170192957705     
0010001300278U 280000000000000000000000000000000000000000000000000000000000000000000000000000000000000000000000000000000000000000000000000803201700000000            000000000000000                              000                           
0010001300279T 280180230000001544772 29577050158107919   788888888888889907012017000000000007500001000000888888888888899          0900000000000000000000000000000000000000000000000000000   000000000000000000000005002        170192957705     
0010001300280U 280000000000000000000000000000000000000000000000000000000000000000000000000000000000000000000000000000000000000000000000000803201700000000            000000000000000                              000                           
0010001300281T 280180230000001544772 29577050158137683   788888888888889907012017000000000007500001000000888888888888899          0900000000000000000000000000000000000000000000000000000   000000000000000000000005002        170192957705     
0010001300282U 280000000000000000000000000000000000000000000000000000000000000000000000000000000000000000000000000000000000000000000000000803201700000000            000000000000000                              000                           
0010001300283T 280180230000001544772 29577050158216849   788888888888889907012017000000000007500001000000888888888888899          0900000000000000000000000000000000000000000000000000000   000000000000000000000005002        170192957705     
0010001300284U 280000000000000000000000000000000000000000000000000000000000000000000000000000000000000000000000000000000000000000000000000803201700000000            000000000000000                              000                           
0010001300285T 280180230000001544772 29577050158304566   788888888888889907012017000000000007500001000000888888888888899          0900000000000000000000000000000000000000000000000000000   000000000000000000000005002        170192957705     
0010001300286U 280000000000000000000000000000000000000000000000000000000000000000000000000000000000000000000000000000000000000000000000000803201700000000            000000000000000                              000                           
0010001300287T 280180230000001544772 29577050163030522   788888888888889907012017000000000007500001000000888888888888899          0900000000000000000000000000000000000000000000000000000   000000000000000000000005002        170192957705     
0010001300288U 280000000000000000000000000000000000000000000000000000000000000000000000000000000000000000000000000000000000000000000000000803201700000000            000000000000000                              000                           
0010001300289T 280180230000001544772 29577050163228742   788888888888889907012017000000000010000001000000888888888888899          0900000000000000000000000000000000000000000000000000000   000000000000000000000005002        170192957705     
0010001300290U 280000000000000000000000000000000000000000000000000000000000000000000000000000000000000000000000000000000000000000000000000803201700000000            000000000000000                              000                           
0010001300291T 280180230000001544772 29577050163442909   788888888888889907012017000000000007500001000000888888888888899          0900000000000000000000000000000000000000000000000000000   000000000000000000000005002        170192957705     
0010001300292U 280000000000000000000000000000000000000000000000000000000000000000000000000000000000000000000000000000000000000000000000000803201700000000            000000000000000                              000                           
0010001300293T 280180230000001544772 29577050163611784   788888888888889907012017000000000007500001000000888888888888899          0900000000000000000000000000000000000000000000000000000   000000000000000000000005002        170192957705     
0010001300294U 280000000000000000000000000000000000000000000000000000000000000000000000000000000000000000000000000000000000000000000000000803201700000000            000000000000000                              000                           
0010001300295T 280180230000001544772 29577050163650628   788888888888889907012017000000000007500001000000888888888888899          0900000000000000000000000000000000000000000000000000000   000000000000000000000005002        170192957705     
0010001300296U 280000000000000000000000000000000000000000000000000000000000000000000000000000000000000000000000000000000000000000000000000803201700000000            000000000000000                              000                           
0010001300297T 280180230000001544772 29577050163729787   788888888888889907012017000000000007500001000000888888888888899          0900000000000000000000000000000000000000000000000000000   000000000000000000000005002        170192957705     
0010001300298U 280000000000000000000000000000000000000000000000000000000000000000000000000000000000000000000000000000000000000000000000000803201700000000            000000000000000                              000                           
0010001300299T 280180230000001544772 29577050163909071   788888888888889907012017000000000007500001000000888888888888899          0900000000000000000000000000000000000000000000000000000   000000000000000000000005002        170192957705     
0010001300300U 280000000000000000000000000000000000000000000000000000000000000000000000000000000000000000000000000000000000000000000000000803201700000000            000000000000000                              000                           
0010001300301T 280180230000001544772 29577050164043658   788888888888889907012017000000000007500001000000888888888888899          0900000000000000000000000000000000000000000000000000000   000000000000000000000005002        170192957705     
0010001300302U 280000000000000000000000000000000000000000000000000000000000000000000000000000000000000000000000000000000000000000000000000803201700000000            000000000000000                              000                           
0010001300303T 280180230000001544772 29577050167102122   788888888888889906022017000000000007500001000000888888888888899          0900000000000000000000000000000000000000000000000000000   000000000000000000000005002        170192957705     
0010001300304U 280000000000000000000000000000000000000000000000000000000000000000000000000000000000000000000000000000000000000000000000000803201700000000            000000000000000                              000                           
0010001300305T 280180230000001544772 29577050178011762   788888888888889906022017000000000007500001000000888888888888899          0900000000000000000000000000000000000000000000000000000   000000000000000000000005002        170192957705     
0010001300306U 280000000000000000000000000000000000000000000000000000000000000000000000000000000000000000000000000000000000000000000000000803201700000000            000000000000000                              000                           
0010001300307T 280180230000001544772 29577050208344568   788888888888889906022017000000000007500001000000888888888888899          0900000000000000000000000000000000000000000000000000000   000000000000000000000005002        170192957705     
0010001300308U 280000000000000000000000000000000000000000000000000000000000000000000000000000000000000000000000000000000000000000000000000803201700000000            000000000000000                              000                           
0010001300309T 280180230000001544772 29577050233136814   788888888888889906022017000000000007500001000000888888888888899          0900000000000000000000000000000000000000000000000000000   000000000000000000000005002        170192957705     
0010001300310U 280000000000000000000000000000000000000000000000000000000000000000000000000000000000000000000000000000000000000000000000000803201700000000            000000000000000                              000                           
0010001300311T 280180230000001544772 29577050257251943   788888888888889906022017000000000007500001000000888888888888899          0900000000000000000000000000000000000000000000000000000   000000000000000000000005002        170192957705     
0010001300312U 280000000000000000000000000000000000000000000000000000000000000000000000000000000000000000000000000000000000000000000000000803201700000000            000000000000000                              000                           
0010001300313T 280180230000001544772 29577050271951518   788888888888889906022017000000000007500001000000888888888888899          0900000000000000000000000000000000000000000000000000000   000000000000000000000005002        170192957705     
0010001300314U 280000000000000000000000000000000000000000000000000000000000000000000000000000000000000000000000000000000000000000000000000803201700000000            000000000000000                              000                           
0010001300315T 280180230000001544772 29577050291858327   788888888888889906022017000000000007500001000000888888888888899          0900000000000000000000000000000000000000000000000000000   000000000000000000000005002        170192957705     
0010001300316U 280000000000000000000000000000000000000000000000000000000000000000000000000000000000000000000000000000000000000000000000000803201700000000            000000000000000                              000                           
0010001300317T 280180230000001544772 29577050325452198   788888888888889906022017000000000007500001000000888888888888899          0900000000000000000000000000000000000000000000000000000   000000000000000000000005002        170192957705     
0010001300318U 280000000000000000000000000000000000000000000000000000000000000000000000000000000000000000000000000000000000000000000000000803201700000000            000000000000000                              000                           
0010001300319T 280180230000001544772 29577050342738066   788888888888889906022017000000000007500001000000888888888888899          0900000000000000000000000000000000000000000000000000000   000000000000000000000005002        170192957705     
0010001300320U 280000000000000000000000000000000000000000000000000000000000000000000000000000000000000000000000000000000000000000000000000803201700000000            000000000000000                              000                           
0010001300321T 280180230000001544772 29577050356208210   788888888888889906022017000000000007500001000000888888888888899          0900000000000000000000000000000000000000000000000000000   000000000000000000000005002        170192957705     
0010001300322U 280000000000000000000000000000000000000000000000000000000000000000000000000000000000000000000000000000000000000000000000000803201700000000            000000000000000                              000                           
0010001300323T 280180230000001544772 29577050361502517   788888888888889906022017000000000007500001000000888888888888899          0900000000000000000000000000000000000000000000000000000   000000000000000000000005002        170192957705     
0010001300324U 280000000000000000000000000000000000000000000000000000000000000000000000000000000000000000000000000000000000000000000000000803201700000000            000000000000000                              000                           
0010001300325T 280180230000001544772 29577050414222614   788888888888889906022017000000000007500001000000888888888888899          0900000000000000000000000000000000000000000000000000000   000000000000000000000005002        170192957705     
0010001300326U 280000000000000000000000000000000000000000000000000000000000000000000000000000000000000000000000000000000000000000000000000803201700000000            000000000000000                              000                           
0010001300327T 280180230000001544772 29577050414432580   788888888888889906022017000000000007500001000000888888888888899          0900000000000000000000000000000000000000000000000000000   000000000000000000000005002        170192957705     
0010001300328U 280000000000000000000000000000000000000000000000000000000000000000000000000000000000000000000000000000000000000000000000000803201700000000            000000000000000                              000                           
0010001300329T 280180230000001544772 29577050414618392   788888888888889906022017000000000007500001000000888888888888899          0900000000000000000000000000000000000000000000000000000   000000000000000000000005002        170192957705     
0010001300330U 280000000000000000000000000000000000000000000000000000000000000000000000000000000000000000000000000000000000000000000000000803201700000000            000000000000000                              000                           
0010001300331T 280180230000001544772 29577050414724414   788888888888889906022017000000000007500001000000888888888888899          0900000000000000000000000000000000000000000000000000000   000000000000000000000005002        170192957705     
0010001300332U 280000000000000000000000000000000000000000000000000000000000000000000000000000000000000000000000000000000000000000000000000803201700000000            000000000000000                              000                           
0010001300333T 280180230000001544772 29577050414844803   788888888888889906022017000000000007500001000000888888888888899          0900000000000000000000000000000000000000000000000000000   000000000000000000000005002        170192957705     
0010001300334U 280000000000000000000000000000000000000000000000000000000000000000000000000000000000000000000000000000000000000000000000000803201700000000            000000000000000                              000                           
0010001300335T 280180230000001544772 29577050414937098   788888888888889906022017000000000007500001000000888888888888899          0900000000000000000000000000000000000000000000000000000   000000000000000000000005002        170192957705     
0010001300336U 280000000000000000000000000000000000000000000000000000000000000000000000000000000000000000000000000000000000000000000000000803201700000000            000000000000000                              000                           
0010001300337T 280180230000001544772 29577050414959492   788888888888889906022017000000000007500001000000888888888888899          0900000000000000000000000000000000000000000000000000000   000000000000000000000005002        170192957705     
0010001300338U 280000000000000000000000000000000000000000000000000000000000000000000000000000000000000000000000000000000000000000000000000803201700000000            000000000000000                              000                           
0010001300339T 280180230000001544772 29577050415002519   788888888888889906022017000000000007500001000000888888888888899          0900000000000000000000000000000000000000000000000000000   000000000000000000000005002        170192957705     
0010001300340U 280000000000000000000000000000000000000000000000000000000000000000000000000000000000000000000000000000000000000000000000000803201700000000            000000000000000                              000                           
0010001300341T 280180230000001544772 29577050415100176   788888888888889906022017000000000007500001000000888888888888899          0900000000000000000000000000000000000000000000000000000   000000000000000000000005002        170192957705     
0010001300342U 280000000000000000000000000000000000000000000000000000000000000000000000000000000000000000000000000000000000000000000000000803201700000000            000000000000000                              000                           
0010001300343T 280180230000001544772 29577050415203352   788888888888889906022017000000000007500001000000888888888888899          0900000000000000000000000000000000000000000000000000000   000000000000000000000005002        170192957705     
0010001300344U 280000000000000000000000000000000000000000000000000000000000000000000000000000000000000000000000000000000000000000000000000803201700000000            000000000000000                              000                           
0010001300345T 280180230000001544772 29577050415314572   788888888888889906022017000000000007500001000000888888888888899          0900000000000000000000000000000000000000000000000000000   000000000000000000000005002        170192957705     
0010001300346U 280000000000000000000000000000000000000000000000000000000000000000000000000000000000000000000000000000000000000000000000000803201700000000            000000000000000                              000                           
0010001300347T 280180230000001544772 29577050415444393   788888888888889906022017000000000007500001000000888888888888899          0900000000000000000000000000000000000000000000000000000   000000000000000000000005002        170192957705     
0010001300348U 280000000000000000000000000000000000000000000000000000000000000000000000000000000000000000000000000000000000000000000000000803201700000000            000000000000000                              000                           
0010001300349T 280180230000001544772 29577050415543595   788888888888889906022017000000000007500001000000888888888888899          0900000000000000000000000000000000000000000000000000000   000000000000000000000005002        170192957705     
0010001300350U 280000000000000000000000000000000000000000000000000000000000000000000000000000000000000000000000000000000000000000000000000803201700000000            000000000000000                              000                           
0010001300351T 280180230000001544772 29577050415817110   788888888888889906022017000000000007500001000000888888888888899          0900000000000000000000000000000000000000000000000000000   000000000000000000000005002        170192957705     
0010001300352U 280000000000000000000000000000000000000000000000000000000000000000000000000000000000000000000000000000000000000000000000000803201700000000            000000000000000                              000                           
0010001300353T 280180230000001544772 29577050415909931   788888888888889906022017000000000007500001000000888888888888899          0900000000000000000000000000000000000000000000000000000   000000000000000000000005002        170192957705     
0010001300354U 280000000000000000000000000000000000000000000000000000000000000000000000000000000000000000000000000000000000000000000000000803201700000000            000000000000000                              000                           
0010001300355T 280180230000001544772 29577050416019151   788888888888889906022017000000000007500001000000888888888888899          0900000000000000000000000000000000000000000000000000000   000000000000000000000005002        170192957705     
0010001300356U 280000000000000000000000000000000000000000000000000000000000000000000000000000000000000000000000000000000000000000000000000803201700000000            000000000000000                              000                           
0010001300357T 280180230000001544772 29577050416106248   788888888888889906022017000000000007500001000000888888888888899          0900000000000000000000000000000000000000000000000000000   000000000000000000000005002        170192957705     
0010001300358U 280000000000000000000000000000000000000000000000000000000000000000000000000000000000000000000000000000000000000000000000000803201700000000            000000000000000                              000                           
0010001300359T 280180230000001544772 29577050416214354   788888888888889906022017000000000007500001000000888888888888899          0900000000000000000000000000000000000000000000000000000   000000000000000000000005002        170192957705     
0010001300360U 280000000000000000000000000000000000000000000000000000000000000000000000000000000000000000000000000000000000000000000000000803201700000000            000000000000000                              000                           
0010001300361T 280180230000001544772 29577050416234189   788888888888889906022017000000000007500001000000888888888888899          0900000000000000000000000000000000000000000000000000000   000000000000000000000005002        170192957705     
0010001300362U 280000000000000000000000000000000000000000000000000000000000000000000000000000000000000000000000000000000000000000000000000803201700000000            000000000000000                              000                           
0010001300363T 280180230000001544772 29577050416306494   788888888888889906022017000000000007500001000000888888888888899          0900000000000000000000000000000000000000000000000000000   000000000000000000000005002        170192957705     
0010001300364U 280000000000000000000000000000000000000000000000000000000000000000000000000000000000000000000000000000000000000000000000000803201700000000            000000000000000                              000                           
0010001300365T 280180230000001544772 29577050416416383   788888888888889906022017000000000007500001000000888888888888899          0900000000000000000000000000000000000000000000000000000   000000000000000000000005002        170192957705     
0010001300366U 280000000000000000000000000000000000000000000000000000000000000000000000000000000000000000000000000000000000000000000000000803201700000000            000000000000000                              000                           
0010001300367T 280180230000001544772 29577050416531320   788888888888889906022017000000000007500001000000888888888888899          0900000000000000000000000000000000000000000000000000000   000000000000000000000005002        170192957705     
0010001300368U 280000000000000000000000000000000000000000000000000000000000000000000000000000000000000000000000000000000000000000000000000803201700000000            000000000000000                              000                           
0010001300369T 280180230000001544772 29577050416754625   788888888888889906022017000000000007500001000000888888888888899          0900000000000000000000000000000000000000000000000000000   000000000000000000000005002        170192957705     
0010001300370U 280000000000000000000000000000000000000000000000000000000000000000000000000000000000000000000000000000000000000000000000000803201700000000            000000000000000                              000                           
0010001300371T 280180230000001544772 29577050416856700   788888888888889906022017000000000007500001000000888888888888899          0900000000000000000000000000000000000000000000000000000   000000000000000000000005002        170192957705     
0010001300372U 280000000000000000000000000000000000000000000000000000000000000000000000000000000000000000000000000000000000000000000000000803201700000000            000000000000000                              000                           
0010001300373T 280180230000001544772 29577050416933641   788888888888889906022017000000000007500001000000888888888888899          0900000000000000000000000000000000000000000000000000000   000000000000000000000005002        170192957705     
0010001300374U 280000000000000000000000000000000000000000000000000000000000000000000000000000000000000000000000000000000000000000000000000803201700000000            000000000000000                              000                           
0010001300375T 280180230000001544772 29577050417114390   788888888888889906022017000000000007500001000000888888888888899          0900000000000000000000000000000000000000000000000000000   000000000000000000000005002        170192957705     
0010001300376U 280000000000000000000000000000000000000000000000000000000000000000000000000000000000000000000000000000000000000000000000000803201700000000            000000000000000                              000                           
0010001300377T 280180230000001544772 29577050417341398   788888888888889906022017000000000007500001000000888888888888899          0900000000000000000000000000000000000000000000000000000   000000000000000000000005002        170192957705     
0010001300378U 280000000000000000000000000000000000000000000000000000000000000000000000000000000000000000000000000000000000000000000000000803201700000000            000000000000000                              000                           
0010001300379T 280180230000001544772 29577050417355112   788888888888889906022017000000000007500001000000888888888888899          0900000000000000000000000000000000000000000000000000000   000000000000000000000005002        170192957705     
0010001300380U 280000000000000000000000000000000000000000000000000000000000000000000000000000000000000000000000000000000000000000000000000803201700000000            000000000000000                              000                           
0010001300381T 280180230000001544772 29577050417526477   788888888888889906022017000000000007500001000000888888888888899          0900000000000000000000000000000000000000000000000000000   000000000000000000000005002        170192957705     
0010001300382U 280000000000000000000000000000000000000000000000000000000000000000000000000000000000000000000000000000000000000000000000000803201700000000            000000000000000                              000                           
0010001300383T 280180230000001544772 29577050417609471   788888888888889906022017000000000007500001000000888888888888899          0900000000000000000000000000000000000000000000000000000   000000000000000000000005002        170192957705     
0010001300384U 280000000000000000000000000000000000000000000000000000000000000000000000000000000000000000000000000000000000000000000000000803201700000000            000000000000000                              000                           
0010001300385T 280180230000001544772 29577050417817837   788888888888889906022017000000000007500001000000888888888888899          0900000000000000000000000000000000000000000000000000000   000000000000000000000005002        170192957705     
0010001300386U 280000000000000000000000000000000000000000000000000000000000000000000000000000000000000000000000000000000000000000000000000803201700000000            000000000000000                              000                           
0010001300387T 280180230000001544772 29577050418142404   788888888888889906022017000000000007500001000000888888888888899          0900000000000000000000000000000000000000000000000000000   000000000000000000000005002        170192957705     
0010001300388U 280000000000000000000000000000000000000000000000000000000000000000000000000000000000000000000000000000000000000000000000000803201700000000            000000000000000                              000                           
0010001300389T 280180230000001544772 29577050418215495   788888888888889906022017000000000010000001000000888888888888899          0900000000000000000000000000000000000000000000000000000   000000000000000000000005002        170192957705     
0010001300390U 280000000000000000000000000000000000000000000000000000000000000000000000000000000000000000000000000000000000000000000000000803201700000000            000000000000000                              000                           
0010001300391T 280180230000001544772 29577050418709570   788888888888889906022017000000000007500001000000888888888888899          0900000000000000000000000000000000000000000000000000000   000000000000000000000005002        170192957705     
0010001300392U 280000000000000000000000000000000000000000000000000000000000000000000000000000000000000000000000000000000000000000000000000803201700000000            000000000000000                              000                           
0010001300393T 280180230000001544772 29577050418732052   788888888888889906022017000000000007500001000000888888888888899          0900000000000000000000000000000000000000000000000000000   000000000000000000000005002        170192957705     
0010001300394U 280000000000000000000000000000000000000000000000000000000000000000000000000000000000000000000000000000000000000000000000000803201700000000            000000000000000                              000                           
0010001300395T 280180230000001544772 29577050418740299   788888888888889906022017000000000007500001000000888888888888899          0900000000000000000000000000000000000000000000000000000   000000000000000000000005002        170192957705     
0010001300396U 280000000000000000000000000000000000000000000000000000000000000000000000000000000000000000000000000000000000000000000000000803201700000000            000000000000000                              000                           
0010001300397T 280180230000001544772 29577050418753896   788888888888889906022017000000000007500001000000888888888888899          0900000000000000000000000000000000000000000000000000000   000000000000000000000005002        170192957705     
0010001300398U 280000000000000000000000000000000000000000000000000000000000000000000000000000000000000000000000000000000000000000000000000803201700000000            000000000000000                              000                           
0010001300399T 280180230000001544772 29577050418803905   788888888888889906022017000000000007500001000000888888888888899          0900000000000000000000000000000000000000000000000000000   000000000000000000000005002        170192957705     
0010001300400U 280000000000000000000000000000000000000000000000000000000000000000000000000000000000000000000000000000000000000000000000000803201700000000            000000000000000                              000                           
0010001300401T 280180230000001544772 29577050418905153   788888888888889906022017000000000007500001000000888888888888899          0900000000000000000000000000000000000000000000000000000   000000000000000000000005002        170192957705     
0010001300402U 280000000000000000000000000000000000000000000000000000000000000000000000000000000000000000000000000000000000000000000000000803201700000000            000000000000000                              000                           
00100015         000404005067000000000388065000000000000000000000000000000000000000000000000000000000000000000000000000000000000000000000000000000                                                                                              
00199999         000001000406000000                                                                                                                                                            00000000000000000000000000000                    
