00100000         2247745860001000029577050014       0180230000001544772 INSTITUTO DE SELECAO E TECNOLOBANCO DO BRASIL                         21503201701103900013203000000515122941PROCESSAMEN                                                 
00100011T0100020 20247745860001000029577050014       0180230000001544772 INSTITUTO DE SELECAO E TECNOLO                                                                                000000001503201700000000  000000000                      
0010001300001T 020180230000001544772 29577050009801163   7               17032017000000000007500001000213                         0900000000000010000000000000000000000000000000000000000   0000000000000000000000000A9        170192957705     
0010001300002U 020000000000000000000000000000000000000000000000000000000000000000000000000000000000000000000000000000000000000000000000001503201700000000            000000000000000                              000                           
0010001300003T 020180230000001544772 29577050010942135   7               17032017000000000010000001012408                         0900000000000010000000000000000000000000000000000000000   0000000000000000000000000A9        170192957705     
0010001300004U 020000000000000000000000000000000000000000000000000000000000000000000000000000000000000000000000000000000000000000000000001503201700000000            000000000000000                              000                           
0010001300005T 020180230000001544772 29577050093214045   7               17032017000000000007500001000213                         0900000000000010000000000000000000000000000000000000000   0000000000000000000000000A9        170192957705     
0010001300006U 020000000000000000000000000000000000000000000000000000000000000000000000000000000000000000000000000000000000000000000000001503201700000000            000000000000000                              000                           
0010001300007T 020180230000001544772 29577050093231716   7               17032017000000000007500001000213                         0900000000000010000000000000000000000000000000000000000   0000000000000000000000000A9        170192957705     
0010001300008U 020000000000000000000000000000000000000000000000000000000000000000000000000000000000000000000000000000000000000000000000001503201700000000            000000000000000                              000                           
0010001300009T 020180230000001544772 29577050130538602   7               1703201700000000000750000103049X                         0900000000000010000000000000000000000000000000000000000   0000000000000000000000000A9        170192957705     
0010001300010U 020000000000000000000000000000000000000000000000000000000000000000000000000000000000000000000000000000000000000000000000001503201700000000            000000000000000                              000                           
0010001300011T 020180230000001544772 29577050151702583   7               17032017000000000007500001000213                         0900000000000010000000000000000000000000000000000000000   0000000000000000000000000A9        170192957705     
0010001300012U 020000000000000000000000000000000000000000000000000000000000000000000000000000000000000000000000000000000000000000000000001503201700000000            000000000000000                              000                           
0010001300013T 020180230000001544772 29577050195544403   7               17032017000000000007500001012408                         0900000000000010500000000000000000000000000000000000000   0000000000000000000000000A9A4      170192957705     
0010001300014U 020000000000000000000000000000000000000000000000000000000000000000000000000000000000000000000000000000000000000000000000001503201700000000            000000000000000                              000                           
0010001300015T 020180230000001544772 29577050248139438   7               17032017000000000007500001000213                         0900000000000010000000000000000000000000000000000000000   0000000000000000000000000A9        170192957705     
0010001300016U 020000000000000000000000000000000000000000000000000000000000000000000000000000000000000000000000000000000000000000000000001503201700000000            000000000000000                              000                           
0010001300017T 020180230000001544772 29577050251601738   7               17032017000000000007500001012408                         0900000000000010000000000000000000000000000000000000000   0000000000000000000000000A9        170192957705     
0010001300018U 020000000000000000000000000000000000000000000000000000000000000000000000000000000000000000000000000000000000000000000000001503201700000000            000000000000000                              000                           
0010001300019T 020180230000001544772 29577050269820915   7               17032017000000000007500001000213                         0900000000000010000000000000000000000000000000000000000   0000000000000000000000000A9        170192957705     
0010001300020U 020000000000000000000000000000000000000000000000000000000000000000000000000000000000000000000000000000000000000000000000001503201700000000            000000000000000                              000                           
0010001300021T 020180230000001544772 29577050278325671   7               17032017000000000007500001012408                         0900000000000010000000000000000000000000000000000000000   0000000000000000000000000A9        170192957705     
0010001300022U 020000000000000000000000000000000000000000000000000000000000000000000000000000000000000000000000000000000000000000000000001503201700000000            000000000000000                              000                           
0010001300023T 020180230000001544772 29577050286642722   7               1703201700000000000750000103049X                         0900000000000010000000000000000000000000000000000000000   0000000000000000000000000A9        170192957705     
0010001300024U 020000000000000000000000000000000000000000000000000000000000000000000000000000000000000000000000000000000000000000000000001503201700000000            000000000000000                              000                           
0010001300025T 020180230000001544772 29577050332911231   7               1703201700000000000750000103049X                         0900000000000010000000000000000000000000000000000000000   0000000000000000000000000A9        170192957705     
0010001300026U 020000000000000000000000000000000000000000000000000000000000000000000000000000000000000000000000000000000000000000000000001503201700000000            000000000000000                              000                           
0010001300027T 020180230000001544772 29577050341523186   7               1703201700000000000750000103049X                         0900000000000010000000000000000000000000000000000000000   0000000000000000000000000A9        170192957705     
0010001300028U 020000000000000000000000000000000000000000000000000000000000000000000000000000000000000000000000000000000000000000000000001503201700000000            000000000000000                              000                           
0010001300029T 020180230000001544772 29577050356233869   7               17032017000000000007500001012408                         0900000000000010000000000000000000000000000000000000000   0000000000000000000000000A9        170192957705     
0010001300030U 020000000000000000000000000000000000000000000000000000000000000000000000000000000000000000000000000000000000000000000000001503201700000000            000000000000000                              000                           
0010001300031T 020180230000001544772 29577050405830349   7               17032017000000000007500001046280                         0900000000000010000000000000000000000000000000000000000   0000000000000000000000000A9        170192957705     
0010001300032U 020000000000000000000000000000000000000000000000000000000000000000000000000000000000000000000000000000000000000000000000001503201700000000            000000000000000                              000                           
0010001300033T 020180230000001544772 29577050407454710   7               1703201700000000000750000103049X                         0900000000000010500000000000000000000000000000000000000   0000000000000000000000000A9A4      170192957705     
0010001300034U 020000000000000000000000000000000000000000000000000000000000000000000000000000000000000000000000000000000000000000000000001503201700000000            000000000000000                              000                           
0010001300035T 020180230000001544772 29577050435235498   7               17032017000000000007500001000213                         0900000000000010500000000000000000000000000000000000000   0000000000000000000000000A9A4      170192957705     
0010001300036U 020000000000000000000000000000000000000000000000000000000000000000000000000000000000000000000000000000000000000000000000001503201700000000            000000000000000                              000                           
0010001300037T 020180230000001544772 29577050469813552   7               17032017000000000007500001012408                         0900000000000010000000000000000000000000000000000000000   0000000000000000000000000A9        170192957705     
0010001300038U 020000000000000000000000000000000000000000000000000000000000000000000000000000000000000000000000000000000000000000000000001503201700000000            000000000000000                              000                           
0010001300039T 020180230000001544772 29577050469857827   7               17032017000000000007500001012408                         0900000000000010000000000000000000000000000000000000000   0000000000000000000000000A9        170192957705     
0010001300040U 020000000000000000000000000000000000000000000000000000000000000000000000000000000000000000000000000000000000000000000000001503201700000000            000000000000000                              000                           
0010001300041T 020180230000001544772 29577050482617339   7               17032017000000000007500001000213                         0900000000000010000000000000000000000000000000000000000   0000000000000000000000000A9        170192957705     
0010001300042U 020000000000000000000000000000000000000000000000000000000000000000000000000000000000000000000000000000000000000000000000001503201700000000            000000000000000                              000                           
0010001300043T 020180230000001544772 29577050484520012   7               17032017000000000007500001012408                         0900000000000010000000000000000000000000000000000000000   0000000000000000000000000A9        170192957705     
0010001300044U 020000000000000000000000000000000000000000000000000000000000000000000000000000000000000000000000000000000000000000000000001503201700000000            000000000000000                              000                           
0010001300045T 020180230000001544772 29577050503251560   7               17032017000000000007500001000213                         0900000000000010000000000000000000000000000000000000000   0000000000000000000000000A9        170192957705     
0010001300046U 020000000000000000000000000000000000000000000000000000000000000000000000000000000000000000000000000000000000000000000000001503201700000000            000000000000000                              000                           
0010001300047T 020180230000001544772 29577050503424277   7               17032017000000000007500001000213                         0900000000000010000000000000000000000000000000000000000   0000000000000000000000000A9        170192957705     
0010001300048U 020000000000000000000000000000000000000000000000000000000000000000000000000000000000000000000000000000000000000000000000001503201700000000            000000000000000                              000                           
0010001300049T 020180230000001544772 29577050510600349   7               17032017000000000007500001012408                         0900000000000010000000000000000000000000000000000000000   0000000000000000000000000A9        170192957705     
0010001300050U 020000000000000000000000000000000000000000000000000000000000000000000000000000000000000000000000000000000000000000000000001503201700000000            000000000000000                              000                           
0010001300051T 020180230000001544772 29577050714435242   7               17032017000000000010000001030864                         0900000000000010000000000000000000000000000000000000000   0000000000000000000000000A9        170192957705     
0010001300052U 020000000000000000000000000000000000000000000000000000000000000000000000000000000000000000000000000000000000000000000000001503201700000000            000000000000000                              000                           
0010001300053T 020180230000001544772 29577050723436922   7               17032017000000000007500001002224                         0900000000000010000000000000000000000000000000000000000   0000000000000000000000000A9        170192957705     
0010001300054U 020000000000000000000000000000000000000000000000000000000000000000000000000000000000000000000000000000000000000000000000001503201700000000            000000000000000                              000                           
0010001300055T 020180230000001544772 29577050772012598   7               17032017000000000007500001000213                         0900000000000010000000000000000000000000000000000000000   0000000000000000000000000A9        170192957705     
0010001300056U 020000000000000000000000000000000000000000000000000000000000000000000000000000000000000000000000000000000000000000000000001503201700000000            000000000000000                              000                           
0010001300057T 020180230000001544772 29577050911730458   7               1603201700000000000750000103049X                         0900000000000010000000000000000000000000000000000000000   0000000000000000000000000A9        170192957705     
0010001300058U 020000000000000000000000000000000000000000000000000000000000000000000000000000000000000000000000000000000000000000000000001403201700000000            000000000000000                              000                           
0010001300059T 020180230000001544772 29577051037323153   7               17032017000000000007500001012408                         0900000000000010000000000000000000000000000000000000000   0000000000000000000000000A9        170192957705     
0010001300060U 020000000000000000000000000000000000000000000000000000000000000000000000000000000000000000000000000000000000000000000000001503201700000000            000000000000000                              000                           
0010001300061T 020180230000001544772 29577051037352455   7               17032017000000000007500001012408                         0900000000000010000000000000000000000000000000000000000   0000000000000000000000000A9        170192957705     
0010001300062U 020000000000000000000000000000000000000000000000000000000000000000000000000000000000000000000000000000000000000000000000001503201700000000            000000000000000                              000                           
0010001300063T 020180230000001544772 29577051093617090   7               17032017000000000007500001000213                         0900000000000010000000000000000000000000000000000000000   0000000000000000000000000A9        170192957705     
0010001300064U 020000000000000000000000000000000000000000000000000000000000000000000000000000000000000000000000000000000000000000000000001503201700000000            000000000000000                              000                           
0010001300065T 020180230000001544772 29577051098105171   7               1703201700000000001000000103049X                         0900000000000010000000000000000000000000000000000000000   0000000000000000000000000A9        170192957705     
0010001300066U 020000000000000000000000000000000000000000000000000000000000000000000000000000000000000000000000000000000000000000000000001503201700000000            000000000000000                              000                           
0010001300067T 020180230000001544772 29577051112548437   7               1703201700000000000750000103049X                         0900000000000010500000000000000000000000000000000000000   0000000000000000000000000A9A4      170192957705     
0010001300068U 020000000000000000000000000000000000000000000000000000000000000000000000000000000000000000000000000000000000000000000000001503201700000000            000000000000000                              000                           
0010001300069T 020180230000001544772 29577051120120271   7               1703201700000000000750000103049X                         0900000000000010500000000000000000000000000000000000000   0000000000000000000000000A9A4      170192957705     
0010001300070U 020000000000000000000000000000000000000000000000000000000000000000000000000000000000000000000000000000000000000000000000001503201700000000            000000000000000                              000                           
0010001300071T 020180230000001544772 29577051120613593   7               1703201700000000000750000103049X                         0900000000000010500000000000000000000000000000000000000   0000000000000000000000000A9A4      170192957705     
0010001300072U 020000000000000000000000000000000000000000000000000000000000000000000000000000000000000000000000000000000000000000000000001503201700000000            000000000000000                              000                           
0010001300073T 020180230000001544772 29577051133302435   7               1703201700000000000750000101981X                         0900000000000010000000000000000000000000000000000000000   0000000000000000000000000A9        170192957705     
0010001300074U 020000000000000000000000000000000000000000000000000000000000000000000000000000000000000000000000000000000000000000000000001503201700000000            000000000000000                              000                           
0010001300075T 020180230000001544772 29577051179703580   7               17032017000000000007500001012416                         0900000000000010000000000000000000000000000000000000000   0000000000000000000000000A9        170192957705     
0010001300076U 020000000000000000000000000000000000000000000000000000000000000000000000000000000000000000000000000000000000000000000000001503201700000000            000000000000000                              000                           
0010001300077T 020180230000001544772 29577051179733726   7               17032017000000000007500001012416                         0900000000000010000000000000000000000000000000000000000   0000000000000000000000000A9        170192957705     
0010001300078U 020000000000000000000000000000000000000000000000000000000000000000000000000000000000000000000000000000000000000000000000001503201700000000            000000000000000                              000                           
0010001300079T 020180230000001544772 29577051179740482   7               17032017000000000007500001012416                         0900000000000010000000000000000000000000000000000000000   0000000000000000000000000A9        170192957705     
0010001300080U 020000000000000000000000000000000000000000000000000000000000000000000000000000000000000000000000000000000000000000000000001503201700000000            000000000000000                              000                           
0010001300081T 020180230000001544772 29577051252007666   7               1703201700000000000750000103049X                         0900000000000010500000000000000000000000000000000000000   0000000000000000000000000A9A4      170192957705     
0010001300082U 020000000000000000000000000000000000000000000000000000000000000000000000000000000000000000000000000000000000000000000000001503201700000000            000000000000000                              000                           
0010001300083T 020180230000001544772 29577051252245388   7               1703201700000000000750000103049X                         0900000000000010500000000000000000000000000000000000000   0000000000000000000000000A9A4      170192957705     
0010001300084U 020000000000000000000000000000000000000000000000000000000000000000000000000000000000000000000000000000000000000000000000001503201700000000            000000000000000                              000                           
0010001300085T 020180230000001544772 29577051284711021   7               16032017000000000007500001000213                         0900000000000010000000000000000000000000000000000000000   0000000000000000000000000A9        170192957705     
0010001300086U 020000000000000000000000000000000000000000000000000000000000000000000000000000000000000000000000000000000000000000000000001403201700000000            000000000000000                              000                           
0010001300087T 020180230000001544772 29577051285013510   7               1703201700000000000750000103049X                         0900000000000010000000000000000000000000000000000000000   0000000000000000000000000A9        170192957705     
0010001300088U 020000000000000000000000000000000000000000000000000000000000000000000000000000000000000000000000000000000000000000000000001503201700000000            000000000000000                              000                           
0010001300089T 020180230000001544772 29577051285029127   7               1703201700000000000750000103049X                         0900000000000010000000000000000000000000000000000000000   0000000000000000000000000A9        170192957705     
0010001300090U 020000000000000000000000000000000000000000000000000000000000000000000000000000000000000000000000000000000000000000000000001503201700000000            000000000000000                              000                           
0010001300091T 020180230000001544772 29577051285032139   7               1603201700000000000750000103049X                         0900000000000010000000000000000000000000000000000000000   0000000000000000000000000A9        170192957705     
0010001300092U 020000000000000000000000000000000000000000000000000000000000000000000000000000000000000000000000000000000000000000000000001403201700000000            000000000000000                              000                           
0010001300093T 020180230000001544772 29577051286613720   7               1703201700000000000750000103049X                         0900000000000010500000000000000000000000000000000000000   0000000000000000000000000A9A4      170192957705     
0010001300094U 020000000000000000000000000000000000000000000000000000000000000000000000000000000000000000000000000000000000000000000000001503201700000000            000000000000000                              000                           
0010001300095T 020180230000001544772 29577051286616219   7               1703201700000000000750000103049X                         0900000000000010500000000000000000000000000000000000000   0000000000000000000000000A9A4      170192957705     
0010001300096U 020000000000000000000000000000000000000000000000000000000000000000000000000000000000000000000000000000000000000000000000001503201700000000            000000000000000                              000                           
0010001300097T 020180230000001544772 29577051287117877   7               17032017000000000007500001000213                         0900000000000010500000000000000000000000000000000000000   0000000000000000000000000A9A4      170192957705     
0010001300098U 020000000000000000000000000000000000000000000000000000000000000000000000000000000000000000000000000000000000000000000000001503201700000000            000000000000000                              000                           
0010001300099T 020180230000001544772 29577051287149910   7               17032017000000000007500001000213                         0900000000000010500000000000000000000000000000000000000   0000000000000000000000000A9A4      170192957705     
0010001300100U 020000000000000000000000000000000000000000000000000000000000000000000000000000000000000000000000000000000000000000000000001503201700000000            000000000000000                              000                           
0010001300101T 020180230000001544772 29577051287156626   7               17032017000000000007500001000213                         0900000000000010500000000000000000000000000000000000000   0000000000000000000000000A9A4      170192957705     
0010001300102U 020000000000000000000000000000000000000000000000000000000000000000000000000000000000000000000000000000000000000000000000001503201700000000            000000000000000                              000                           
0010001300103T 020180230000001544772 29577051287214301   7               17032017000000000007500001012416                         0900000000000010000000000000000000000000000000000000000   0000000000000000000000000A9        170192957705     
0010001300104U 020000000000000000000000000000000000000000000000000000000000000000000000000000000000000000000000000000000000000000000000001503201700000000            000000000000000                              000                           
0010001300105T 020180230000001544772 29577051287325509   7               17032017000000000007500001000213                         0900000000000010500000000000000000000000000000000000000   0000000000000000000000000A9A4      170192957705     
0010001300106U 020000000000000000000000000000000000000000000000000000000000000000000000000000000000000000000000000000000000000000000000001503201700000000            000000000000000                              000                           
0010001300107T 020180230000001544772 29577051287327288   7               17032017000000000007500001000213                         0900000000000010500000000000000000000000000000000000000   0000000000000000000000000A9A4      170192957705     
0010001300108U 020000000000000000000000000000000000000000000000000000000000000000000000000000000000000000000000000000000000000000000000001503201700000000            000000000000000                              000                           
0010001300109T 020180230000001544772 29577051288510154   7               17032017000000000007500001012408                         0900000000000010000000000000000000000000000000000000000   0000000000000000000000000A9        170192957705     
0010001300110U 020000000000000000000000000000000000000000000000000000000000000000000000000000000000000000000000000000000000000000000000001503201700000000            000000000000000                              000                           
0010001300111T 020180230000001544772 29577051290028011   7               17032017000000000007500001012416                         0900000000000010000000000000000000000000000000000000000   0000000000000000000000000A9        170192957705     
0010001300112U 020000000000000000000000000000000000000000000000000000000000000000000000000000000000000000000000000000000000000000000000001503201700000000            000000000000000                              000                           
0010001300113T 020180230000001544772 29577051290231364   7               17032017000000000007500001012416                         0900000000000010000000000000000000000000000000000000000   0000000000000000000000000A9        170192957705     
0010001300114U 020000000000000000000000000000000000000000000000000000000000000000000000000000000000000000000000000000000000000000000000001503201700000000            000000000000000                              000                           
0010001300115T 020180230000001544772 29577051290502334   7               1703201700000000000750000103049X                         0900000000000010000000000000000000000000000000000000000   0000000000000000000000000A9        170192957705     
0010001300116U 020000000000000000000000000000000000000000000000000000000000000000000000000000000000000000000000000000000000000000000000001503201700000000            000000000000000                              000                           
0010001300117T 020180230000001544772 29577051290907058   7               17032017000000000007500001012408                         0900000000000010000000000000000000000000000000000000000   0000000000000000000000000A9        170192957705     
0010001300118U 020000000000000000000000000000000000000000000000000000000000000000000000000000000000000000000000000000000000000000000000001503201700000000            000000000000000                              000                           
0010001300119T 020180230000001544772 29577051291743070   7               1703201700000000000750000103049X                         0900000000000010000000000000000000000000000000000000000   0000000000000000000000000A9        170192957705     
0010001300120U 020000000000000000000000000000000000000000000000000000000000000000000000000000000000000000000000000000000000000000000000001503201700000000            000000000000000                              000                           
0010001300121T 020180230000001544772 29577051292203139   7               17032017000000000007500001012408                         0900000000000010000000000000000000000000000000000000000   0000000000000000000000000A9        170192957705     
0010001300122U 020000000000000000000000000000000000000000000000000000000000000000000000000000000000000000000000000000000000000000000000001503201700000000            000000000000000                              000                           
0010001300123T 020180230000001544772 29577051292509618   7               17032017000000000007500001012416                         0900000000000010000000000000000000000000000000000000000   0000000000000000000000000A9        170192957705     
0010001300124U 020000000000000000000000000000000000000000000000000000000000000000000000000000000000000000000000000000000000000000000000001503201700000000            000000000000000                              000                           
0010001300125T 020180230000001544772 29577051294831818   7               17032017000000000010000001023876                         0900000000000010000000000000000000000000000000000000000   0000000000000000000000000A9        170192957705     
0010001300126U 020000000000000000000000000000000000000000000000000000000000000000000000000000000000000000000000000000000000000000000000001503201700000000            000000000000000                              000                           
0010001300127T 020180230000001544772 29577051294945391   7               1703201700000000000750000103049X                         0900000000000010000000000000000000000000000000000000000   0000000000000000000000000A9        170192957705     
0010001300128U 020000000000000000000000000000000000000000000000000000000000000000000000000000000000000000000000000000000000000000000000001503201700000000            000000000000000                              000                           
0010001300129T 020180230000001544772 29577051295231376   7               17032017000000000007500001000213                         0900000000000010000000000000000000000000000000000000000   0000000000000000000000000A9        170192957705     
0010001300130U 020000000000000000000000000000000000000000000000000000000000000000000000000000000000000000000000000000000000000000000000001503201700000000            000000000000000                              000                           
0010001300131T 020180230000001544772 29577051295803801   7               17032017000000000007500001012416                         0900000000000010000000000000000000000000000000000000000   0000000000000000000000000A9        170192957705     
0010001300132U 020000000000000000000000000000000000000000000000000000000000000000000000000000000000000000000000000000000000000000000000001503201700000000            000000000000000                              000                           
0010001300133T 020180230000001544772 29577051296616025   7               17032017000000000007500001016179                         0900000000000010000000000000000000000000000000000000000   0000000000000000000000000A9        170192957705     
0010001300134U 020000000000000000000000000000000000000000000000000000000000000000000000000000000000000000000000000000000000000000000000001503201700000000            000000000000000                              000                           
0010001300135T 020180230000001544772 29577051297047365   7               17032017000000000007500001006572                         0900000000000010000000000000000000000000000000000000000   0000000000000000000000000A9        170192957705     
0010001300136U 020000000000000000000000000000000000000000000000000000000000000000000000000000000000000000000000000000000000000000000000001503201700000000            000000000000000                              000                           
0010001300137T 020180230000001544772 29577051297829367   7               17032017000000000007500001021121                         0900000000000010000000000000000000000000000000000000000   0000000000000000000000000A9        170192957705     
0010001300138U 020000000000000000000000000000000000000000000000000000000000000000000000000000000000000000000000000000000000000000000000001503201700000000            000000000000000                              000                           
0010001300139T 020180230000001544772 29577051297905498   7               17032017000000000007500001000213                         0900000000000010000000000000000000000000000000000000000   0000000000000000000000000A9        170192957705     
0010001300140U 020000000000000000000000000000000000000000000000000000000000000000000000000000000000000000000000000000000000000000000000001503201700000000            000000000000000                              000                           
0010001300141T 020180230000001544772 29577051298133414   7               17032017000000000007500001012408                         0900000000000010000000000000000000000000000000000000000   0000000000000000000000000A9        170192957705     
0010001300142U 020000000000000000000000000000000000000000000000000000000000000000000000000000000000000000000000000000000000000000000000001503201700000000            000000000000000                              000                           
0010001300143T 020180230000001544772 29577051298337093   7               17032017000000000007500001012408                         0900000000000010000000000000000000000000000000000000000   0000000000000000000000000A9        170192957705     
0010001300144U 020000000000000000000000000000000000000000000000000000000000000000000000000000000000000000000000000000000000000000000000001503201700000000            000000000000000                              000                           
0010001300145T 020180230000001544772 29577051298609132   7               17032017000000000007500001012408                         0900000000000010000000000000000000000000000000000000000   0000000000000000000000000A9        170192957705     
0010001300146U 020000000000000000000000000000000000000000000000000000000000000000000000000000000000000000000000000000000000000000000000001503201700000000            000000000000000                              000                           
0010001300147T 020180230000001544772 29577051298854098   7               17032017000000000007500001012408                         0900000000000010000000000000000000000000000000000000000   0000000000000000000000000A9        170192957705     
0010001300148U 020000000000000000000000000000000000000000000000000000000000000000000000000000000000000000000000000000000000000000000000001503201700000000            000000000000000                              000                           
0010001300149T 020180230000001544772 29577051299008329   7               1703201700000000000750000103049X                         0900000000000010000000000000000000000000000000000000000   0000000000000000000000000A9        170192957705     
0010001300150U 020000000000000000000000000000000000000000000000000000000000000000000000000000000000000000000000000000000000000000000000001503201700000000            000000000000000                              000                           
0010001300151T 020180230000001544772 29577051300040029   7               17032017000000000007500001000213                         0900000000000010000000000000000000000000000000000000000   0000000000000000000000000A9        170192957705     
0010001300152U 020000000000000000000000000000000000000000000000000000000000000000000000000000000000000000000000000000000000000000000000001503201700000000            000000000000000                              000                           
0010001300153T 020180230000001544772 29577051300322469   7               17032017000000000007500001000213                         0900000000000010000000000000000000000000000000000000000   0000000000000000000000000A9        170192957705     
0010001300154U 020000000000000000000000000000000000000000000000000000000000000000000000000000000000000000000000000000000000000000000000001503201700000000            000000000000000                              000                           
0010001300155T 020180230000001544772 29577051300433005   7               17032017000000000007500001002224                         0900000000000010500000000000000000000000000000000000000   0000000000000000000000000A9A4      170192957705     
0010001300156U 020000000000000000000000000000000000000000000000000000000000000000000000000000000000000000000000000000000000000000000000001503201700000000            000000000000000                              000                           
0010001300157T 020180230000001544772 29577051301305986   7               1703201700000000000750000103049X                         0900000000000010500000000000000000000000000000000000000   0000000000000000000000000A9A4      170192957705     
0010001300158U 020000000000000000000000000000000000000000000000000000000000000000000000000000000000000000000000000000000000000000000000001503201700000000            000000000000000                              000                           
0010001300159T 020180230000001544772 29577051302217471   7               1703201700000000000750000103049X                         0900000000000010500000000000000000000000000000000000000   0000000000000000000000000A9A4      170192957705     
0010001300160U 020000000000000000000000000000000000000000000000000000000000000000000000000000000000000000000000000000000000000000000000001503201700000000            000000000000000                              000                           
0010001300161T 020180230000001544772 29577051305129075   7               17032017000000000007500001000213                         0900000000000010000000000000000000000000000000000000000   0000000000000000000000000A9        170192957705     
0010001300162U 020000000000000000000000000000000000000000000000000000000000000000000000000000000000000000000000000000000000000000000000001503201700000000            000000000000000                              000                           
0010001300163T 020180230000001544772 29577051305524545   7               17032017000000000007500001012416                         0900000000000010000000000000000000000000000000000000000   0000000000000000000000000A9        170192957705     
0010001300164U 020000000000000000000000000000000000000000000000000000000000000000000000000000000000000000000000000000000000000000000000001503201700000000            000000000000000                              000                           
0010001300165T 020180230000001544772 29577051305817122   7               1703201700000000000750000103049X                         0900000000000010000000000000000000000000000000000000000   0000000000000000000000000A9        170192957705     
0010001300166U 020000000000000000000000000000000000000000000000000000000000000000000000000000000000000000000000000000000000000000000000001503201700000000            000000000000000                              000                           
0010001300167T 020180230000001544772 29577051306005754   7               17032017000000000007500001000213                         0900000000000010000000000000000000000000000000000000000   0000000000000000000000000A9        170192957705     
0010001300168U 020000000000000000000000000000000000000000000000000000000000000000000000000000000000000000000000000000000000000000000000001503201700000000            000000000000000                              000                           
0010001300169T 020180230000001544772 29577051306452749   7               1703201700000000000750000103049X                         0900000000000010000000000000000000000000000000000000000   0000000000000000000000000A9        170192957705     
0010001300170U 020000000000000000000000000000000000000000000000000000000000000000000000000000000000000000000000000000000000000000000000001503201700000000            000000000000000                              000                           
0010001300171T 020180230000001544772 29577051306756477   7               17032017000000000007500001000213                         0900000000000010500000000000000000000000000000000000000   0000000000000000000000000A9A4      170192957705     
0010001300172U 020000000000000000000000000000000000000000000000000000000000000000000000000000000000000000000000000000000000000000000000001503201700000000            000000000000000                              000                           
0010001300173T 020180230000001544772 29577051307158877   7               1703201700000000000750000103049X                         0900000000000010000000000000000000000000000000000000000   0000000000000000000000000A9        170192957705     
0010001300174U 020000000000000000000000000000000000000000000000000000000000000000000000000000000000000000000000000000000000000000000000001503201700000000            000000000000000                              000                           
0010001300175T 020180230000001544772 29577051307507055   7               17032017000000000007500001009245                         0900000000000010000000000000000000000000000000000000000   0000000000000000000000000A9        170192957705     
0010001300176U 020000000000000000000000000000000000000000000000000000000000000000000000000000000000000000000000000000000000000000000000001503201700000000            000000000000000                              000                           
0010001300177T 060180230000001544772 29577050223021807   7               15032017000000000007500021001040                         0900000000000010000000000000000000000000000000000000000   000000000000000000000029000        170192957705     
0010001300178U 060000000000000000000000000000000000000000000000000000000000000000000000075000000000000072100000000000000000000000000000001503201716032017            000000000000000                              000                           
0010001300179T 060180230000001544772 29577050391416050   7               15032017000000000007500001004715                         0900000000000010000000000000000000000000000000000000000   000000000000000000000029000        170192957705     
0010001300180U 060000000000000000000000000000000000000000000000000000000000000000000000075000000000000072100000000000000000000000000000001503201716032017            000000000000000                              000                           
0010001300181T 060180230000001544772 29577050414610596   7               15032017000000000007500104046070                         0900000000000010000000000000000000000000000000000000000   000000000000000000000029000        170192957705     
0010001300182U 060000000000000000000000000000000000000000000000000000000000000000000000075000000000000072100000000000000000000000000000001503201716032017            000000000000000                              000                           
0010001300183T 060180230000001544772 29577050439541386   7               15032017000000000007500001014001                         0900000000000010000000000000000000000000000000000000000   000000000000000000000029000        170192957705     
0010001300184U 060000000000000000000000000000000000000000000000000000000000000000000000075000000000000072100000000000000000000000000000001503201716032017            000000000000000                              000                           
0010001300185T 060180230000001544772 29577050497224754   7               15032017000000000007500001042102                         0900000000000010000000000000000000000000000000000000000   000000000000000000000029000        170192957705     
0010001300186U 060000000000000000000000000000000000000000000000000000000000000000000000075000000000000072100000000000000000000000000000001503201716032017            000000000000000                              000                           
0010001300187T 060180230000001544772 29577051168441624   7               15032017000000000007500001016098                         0900000000000010000000000000000000000000000000000000000   000000000000000000000029000        170192957705     
0010001300188U 060000000000000000000000000000000000000000000000000000000000000000000000075000000000000072100000000000000000000000000000001503201716032017            000000000000000                              000                           
0010001300189T 060180230000001544772 29577051179331270   7               16032017000000000007500341000700                         0900000000000010000000000000000000000000000000000000000   000000000000000000000029000        170192957705     
0010001300190U 060000000000000000000000000000000000000000000000000000000000000000000000075000000000000072100000000000000000000000000000001503201716032017            000000000000000                              000                           
0010001300191T 060180230000001544772 29577051232628180   7               15032017000000000007500021001020                         0900000000000010000000000000000000000000000000000000000   000000000000000000000029000        170192957705     
0010001300192U 060000000000000000000000000000000000000000000000000000000000000000000000075000000000000072100000000000000000000000000000001503201716032017            000000000000000                              000                           
0010001300193T 060180230000001544772 29577051232933674   7               15032017000000000007500104020990                         0900000000000010000000000000000000000000000000000000000   000000000000000000000029000        170192957705     
0010001300194U 060000000000000000000000000000000000000000000000000000000000000000000000075000000000000072100000000000000000000000000000001503201716032017            000000000000000                              000                           
0010001300195T 060180230000001544772 29577051251251758   7               15032017000000000007500104030840                         0900000000000010000000000000000000000000000000000000000   000000000000000000000029000        170192957705     
0010001300196U 060000000000000000000000000000000000000000000000000000000000000000000000075000000000000072100000000000000000000000000000001503201716032017            000000000000000                              000                           
0010001300197T 060180230000001544772 29577051274608592   7               16032017000000000007500021001010                         0900000000000010000000000000000000000000000000000000000   000000000000000000000029000        170192957705     
0010001300198U 060000000000000000000000000000000000000000000000000000000000000000000000075000000000000072100000000000000000000000000000001503201716032017            000000000000000                              000                           
0010001300199T 060180230000001544772 29577051290907058   7               17032017000000000007500104025210                         0900000000000010000000000000000000000000000000000000000   000000000000000000000029000        170192957705     
0010001300200U 060000000000000000000000000000000000000000000000000000000000000000000000075000000000000072100000000000000000000000000000001503201716032017            000000000000000                              000                           
0010001300201T 280180230000001544772 29577050032334141   788888888888889914012017000000000007500001000000888888888888899          0900000000000000000000000000000000000000000000000000000   000000000000000000000005002        170192957705     
0010001300202U 280000000000000000000000000000000000000000000000000000000000000000000000000000000000000000000000000000000000000000000000001503201700000000            000000000000000                              000                           
0010001300203T 280180230000001544772 29577050058641260   788888888888889913022017000000000007500001000000888888888888899          0900000000000000000000000000000000000000000000000000000   000000000000000000000005002        170192957705     
0010001300204U 280000000000000000000000000000000000000000000000000000000000000000000000000000000000000000000000000000000000000000000000001503201700000000            000000000000000                              000                           
0010001300205T 280180230000001544772 29577050064216697   788888888888889913022017000000000007500001000000888888888888899          0900000000000000000000000000000000000000000000000000000   000000000000000000000005002        170192957705     
0010001300206U 280000000000000000000000000000000000000000000000000000000000000000000000000000000000000000000000000000000000000000000000001503201700000000            000000000000000                              000                           
0010001300207T 280180230000001544772 29577050064243866   788888888888889913022017000000000007500001000000888888888888899          0900000000000000000000000000000000000000000000000000000   000000000000000000000005002        170192957705     
0010001300208U 280000000000000000000000000000000000000000000000000000000000000000000000000000000000000000000000000000000000000000000000001503201700000000            000000000000000                              000                           
0010001300209T 280180230000001544772 29577050084322930   788888888888889914012017000000000010000001000000888888888888899          0900000000000000000000000000000000000000000000000000000   000000000000000000000005002        170192957705     
0010001300210U 280000000000000000000000000000000000000000000000000000000000000000000000000000000000000000000000000000000000000000000000001503201700000000            000000000000000                              000                           
0010001300211T 280180230000001544772 29577050084342356   788888888888889914012017000000000010000001000000888888888888899          0900000000000000000000000000000000000000000000000000000   000000000000000000000005002        170192957705     
0010001300212U 280000000000000000000000000000000000000000000000000000000000000000000000000000000000000000000000000000000000000000000000001503201700000000            000000000000000                              000                           
0010001300213T 280180230000001544772 29577050086902158   788888888888889913022017000000000007500001000000888888888888899          0900000000000000000000000000000000000000000000000000000   000000000000000000000005002        170192957705     
0010001300214U 280000000000000000000000000000000000000000000000000000000000000000000000000000000000000000000000000000000000000000000000001503201700000000            000000000000000                              000                           
0010001300215T 280180230000001544772 29577050102427874   788888888888889913022017000000000007500001000000888888888888899          0900000000000000000000000000000000000000000000000000000   000000000000000000000005002        170192957705     
0010001300216U 280000000000000000000000000000000000000000000000000000000000000000000000000000000000000000000000000000000000000000000000001503201700000000            000000000000000                              000                           
0010001300217T 280180230000001544772 29577050130505911   788888888888889914012017000000000007500001000000888888888888899          0900000000000000000000000000000000000000000000000000000   000000000000000000000005002        170192957705     
0010001300218U 280000000000000000000000000000000000000000000000000000000000000000000000000000000000000000000000000000000000000000000000001503201700000000            000000000000000                              000                           
0010001300219T 280180230000001544772 29577050148051273   788888888888889914012017000000000007500001000000888888888888899          0900000000000000000000000000000000000000000000000000000   000000000000000000000005002        170192957705     
0010001300220U 280000000000000000000000000000000000000000000000000000000000000000000000000000000000000000000000000000000000000000000000001503201700000000            000000000000000                              000                           
0010001300221T 280180230000001544772 29577050181306407   788888888888889913022017000000000007500001000000888888888888899          0900000000000000000000000000000000000000000000000000000   000000000000000000000005002        170192957705     
0010001300222U 280000000000000000000000000000000000000000000000000000000000000000000000000000000000000000000000000000000000000000000000001503201700000000            000000000000000                              000                           
0010001300223T 280180230000001544772 29577050199057865   788888888888889913022017000000000007500001000000888888888888899          0900000000000000000000000000000000000000000000000000000   000000000000000000000005002        170192957705     
0010001300224U 280000000000000000000000000000000000000000000000000000000000000000000000000000000000000000000000000000000000000000000000001503201700000000            000000000000000                              000                           
0010001300225T 280180230000001544772 29577050214910081   788888888888889913022017000000000007500001000000888888888888899          0900000000000000000000000000000000000000000000000000000   000000000000000000000005002        170192957705     
0010001300226U 280000000000000000000000000000000000000000000000000000000000000000000000000000000000000000000000000000000000000000000000001503201700000000            000000000000000                              000                           
0010001300227T 280180230000001544772 29577050219149125   788888888888889914012017000000000007500001000000888888888888899          0900000000000000000000000000000000000000000000000000000   000000000000000000000005002        170192957705     
0010001300228U 280000000000000000000000000000000000000000000000000000000000000000000000000000000000000000000000000000000000000000000000001503201700000000            000000000000000                              000                           
0010001300229T 280180230000001544772 29577050219416406   788888888888889914012017000000000007500001000000888888888888899          0900000000000000000000000000000000000000000000000000000   000000000000000000000005002        170192957705     
0010001300230U 280000000000000000000000000000000000000000000000000000000000000000000000000000000000000000000000000000000000000000000000001503201700000000            000000000000000                              000                           
0010001300231T 280180230000001544772 29577050219609813   788888888888889914012017000000000007500001000000888888888888899          0900000000000000000000000000000000000000000000000000000   000000000000000000000005002        170192957705     
0010001300232U 280000000000000000000000000000000000000000000000000000000000000000000000000000000000000000000000000000000000000000000000001503201700000000            000000000000000                              000                           
0010001300233T 280180230000001544772 29577050219754306   788888888888889914012017000000000007500001000000888888888888899          0900000000000000000000000000000000000000000000000000000   000000000000000000000005002        170192957705     
0010001300234U 280000000000000000000000000000000000000000000000000000000000000000000000000000000000000000000000000000000000000000000000001503201700000000            000000000000000                              000                           
0010001300235T 280180230000001544772 29577050219804816   788888888888889914012017000000000007500001000000888888888888899          0900000000000000000000000000000000000000000000000000000   000000000000000000000005002        170192957705     
0010001300236U 280000000000000000000000000000000000000000000000000000000000000000000000000000000000000000000000000000000000000000000000001503201700000000            000000000000000                              000                           
0010001300237T 280180230000001544772 29577050219925113   788888888888889914012017000000000007500001000000888888888888899          0900000000000000000000000000000000000000000000000000000   000000000000000000000005002        170192957705     
0010001300238U 280000000000000000000000000000000000000000000000000000000000000000000000000000000000000000000000000000000000000000000000001503201700000000            000000000000000                              000                           
0010001300239T 280180230000001544772 29577050220043687   788888888888889914012017000000000007500001000000888888888888899          0900000000000000000000000000000000000000000000000000000   000000000000000000000005002        170192957705     
0010001300240U 280000000000000000000000000000000000000000000000000000000000000000000000000000000000000000000000000000000000000000000000001503201700000000            000000000000000                              000                           
0010001300241T 280180230000001544772 29577050220107013   788888888888889914012017000000000007500001000000888888888888899          0900000000000000000000000000000000000000000000000000000   000000000000000000000005002        170192957705     
0010001300242U 280000000000000000000000000000000000000000000000000000000000000000000000000000000000000000000000000000000000000000000000001503201700000000            000000000000000                              000                           
0010001300243T 280180230000001544772 29577050220217391   788888888888889914012017000000000007500001000000888888888888899          0900000000000000000000000000000000000000000000000000000   000000000000000000000005002        170192957705     
0010001300244U 280000000000000000000000000000000000000000000000000000000000000000000000000000000000000000000000000000000000000000000000001503201700000000            000000000000000                              000                           
0010001300245T 280180230000001544772 29577050220349011   788888888888889914012017000000000007500001000000888888888888899          0900000000000000000000000000000000000000000000000000000   000000000000000000000005002        170192957705     
0010001300246U 280000000000000000000000000000000000000000000000000000000000000000000000000000000000000000000000000000000000000000000000001503201700000000            000000000000000                              000                           
0010001300247T 280180230000001544772 29577050220452296   788888888888889914012017000000000007500001000000888888888888899          0900000000000000000000000000000000000000000000000000000   000000000000000000000005002        170192957705     
0010001300248U 280000000000000000000000000000000000000000000000000000000000000000000000000000000000000000000000000000000000000000000000001503201700000000            000000000000000                              000                           
0010001300249T 280180230000001544772 29577050220519544   788888888888889914012017000000000007500001000000888888888888899          0900000000000000000000000000000000000000000000000000000   000000000000000000000005002        170192957705     
0010001300250U 280000000000000000000000000000000000000000000000000000000000000000000000000000000000000000000000000000000000000000000000001503201700000000            000000000000000                              000                           
0010001300251T 280180230000001544772 29577050220629962   788888888888889914012017000000000010000001000000888888888888899          0900000000000000000000000000000000000000000000000000000   000000000000000000000005002        170192957705     
0010001300252U 280000000000000000000000000000000000000000000000000000000000000000000000000000000000000000000000000000000000000000000000001503201700000000            000000000000000                              000                           
0010001300253T 280180230000001544772 29577050220920299   788888888888889914012017000000000010000001000000888888888888899          0900000000000000000000000000000000000000000000000000000   000000000000000000000005002        170192957705     
0010001300254U 280000000000000000000000000000000000000000000000000000000000000000000000000000000000000000000000000000000000000000000000001503201700000000            000000000000000                              000                           
0010001300255T 280180230000001544772 29577050221012721   788888888888889914012017000000000007500001000000888888888888899          0900000000000000000000000000000000000000000000000000000   000000000000000000000005002        170192957705     
0010001300256U 280000000000000000000000000000000000000000000000000000000000000000000000000000000000000000000000000000000000000000000000001503201700000000            000000000000000                              000                           
0010001300257T 280180230000001544772 29577050221131350   788888888888889914012017000000000007500001000000888888888888899          0900000000000000000000000000000000000000000000000000000   000000000000000000000005002        170192957705     
0010001300258U 280000000000000000000000000000000000000000000000000000000000000000000000000000000000000000000000000000000000000000000000001503201700000000            000000000000000                              000                           
0010001300259T 280180230000001544772 29577050221216687   788888888888889914012017000000000007500001000000888888888888899          0900000000000000000000000000000000000000000000000000000   000000000000000000000005002        170192957705     
0010001300260U 280000000000000000000000000000000000000000000000000000000000000000000000000000000000000000000000000000000000000000000000001503201700000000            000000000000000                              000                           
0010001300261T 280180230000001544772 29577050221329251   788888888888889914012017000000000007500001000000888888888888899          0900000000000000000000000000000000000000000000000000000   000000000000000000000005002        170192957705     
0010001300262U 280000000000000000000000000000000000000000000000000000000000000000000000000000000000000000000000000000000000000000000000001503201700000000            000000000000000                              000                           
0010001300263T 280180230000001544772 29577050338617781   788888888888889913022017000000000007500001000000888888888888899          0900000000000000000000000000000000000000000000000000000   000000000000000000000005002        170192957705     
0010001300264U 280000000000000000000000000000000000000000000000000000000000000000000000000000000000000000000000000000000000000000000000001503201700000000            000000000000000                              000                           
0010001300265T 280180230000001544772 29577050398350730   788888888888889913022017000000000007500001000000888888888888899          0900000000000000000000000000000000000000000000000000000   000000000000000000000005002        170192957705     
0010001300266U 280000000000000000000000000000000000000000000000000000000000000000000000000000000000000000000000000000000000000000000000001503201700000000            000000000000000                              000                           
0010001300267T 280180230000001544772 29577050398619051   788888888888889913022017000000000007500001000000888888888888899          0900000000000000000000000000000000000000000000000000000   000000000000000000000005002        170192957705     
0010001300268U 280000000000000000000000000000000000000000000000000000000000000000000000000000000000000000000000000000000000000000000000001503201700000000            000000000000000                              000                           
0010001300269T 280180230000001544772 29577050428437800   788888888888889913022017000000000007500001000000888888888888899          0900000000000000000000000000000000000000000000000000000   000000000000000000000005002        170192957705     
0010001300270U 280000000000000000000000000000000000000000000000000000000000000000000000000000000000000000000000000000000000000000000000001503201700000000            000000000000000                              000                           
0010001300271T 280180230000001544772 29577050428442735   788888888888889913022017000000000007500001000000888888888888899          0900000000000000000000000000000000000000000000000000000   000000000000000000000005002        170192957705     
0010001300272U 280000000000000000000000000000000000000000000000000000000000000000000000000000000000000000000000000000000000000000000000001503201700000000            000000000000000                              000                           
0010001300273T 280180230000001544772 29577050428453385   788888888888889913022017000000000007500001000000888888888888899          0900000000000000000000000000000000000000000000000000000   000000000000000000000005002        170192957705     
0010001300274U 280000000000000000000000000000000000000000000000000000000000000000000000000000000000000000000000000000000000000000000000001503201700000000            000000000000000                              000                           
0010001300275T 280180230000001544772 29577050431237522   788888888888889913022017000000000007500001000000888888888888899          0900000000000000000000000000000000000000000000000000000   000000000000000000000005002        170192957705     
0010001300276U 280000000000000000000000000000000000000000000000000000000000000000000000000000000000000000000000000000000000000000000000001503201700000000            000000000000000                              000                           
0010001300277T 280180230000001544772 29577050468636587   788888888888889913022017000000000007500001000000888888888888899          0900000000000000000000000000000000000000000000000000000   000000000000000000000005002        170192957705     
0010001300278U 280000000000000000000000000000000000000000000000000000000000000000000000000000000000000000000000000000000000000000000000001503201700000000            000000000000000                              000                           
0010001300279T 280180230000001544772 29577050468637548   788888888888889913022017000000000007500001000000888888888888899          0900000000000000000000000000000000000000000000000000000   000000000000000000000005002        170192957705     
0010001300280U 280000000000000000000000000000000000000000000000000000000000000000000000000000000000000000000000000000000000000000000000001503201700000000            000000000000000                              000                           
0010001300281T 280180230000001544772 29577050469028501   788888888888889913022017000000000007500001000000888888888888899          0900000000000000000000000000000000000000000000000000000   000000000000000000000005002        170192957705     
0010001300282U 280000000000000000000000000000000000000000000000000000000000000000000000000000000000000000000000000000000000000000000000001503201700000000            000000000000000                              000                           
0010001300283T 280180230000001544772 29577050481117498   788888888888889913022017000000000007500001000000888888888888899          0900000000000000000000000000000000000000000000000000000   000000000000000000000005002        170192957705     
0010001300284U 280000000000000000000000000000000000000000000000000000000000000000000000000000000000000000000000000000000000000000000000001503201700000000            000000000000000                              000                           
0010001300285T 280180230000001544772 29577050481219571   788888888888889913022017000000000007500001000000888888888888899          0900000000000000000000000000000000000000000000000000000   000000000000000000000005002        170192957705     
0010001300286U 280000000000000000000000000000000000000000000000000000000000000000000000000000000000000000000000000000000000000000000000001503201700000000            000000000000000                              000                           
0010001300287T 280180230000001544772 29577050481434134   788888888888889913022017000000000007500001000000888888888888899          0900000000000000000000000000000000000000000000000000000   000000000000000000000005002        170192957705     
0010001300288U 280000000000000000000000000000000000000000000000000000000000000000000000000000000000000000000000000000000000000000000000001503201700000000            000000000000000                              000                           
0010001300289T 280180230000001544772 29577050481500009   788888888888889913022017000000000007500001000000888888888888899          0900000000000000000000000000000000000000000000000000000   000000000000000000000005002        170192957705     
0010001300290U 280000000000000000000000000000000000000000000000000000000000000000000000000000000000000000000000000000000000000000000000001503201700000000            000000000000000                              000                           
0010001300291T 280180230000001544772 29577050481611491   788888888888889913022017000000000007500001000000888888888888899          0900000000000000000000000000000000000000000000000000000   000000000000000000000005002        170192957705     
0010001300292U 280000000000000000000000000000000000000000000000000000000000000000000000000000000000000000000000000000000000000000000000001503201700000000            000000000000000                              000                           
0010001300293T 280180230000001544772 29577050481715864   788888888888889913022017000000000007500001000000888888888888899          0900000000000000000000000000000000000000000000000000000   000000000000000000000005002        170192957705     
0010001300294U 280000000000000000000000000000000000000000000000000000000000000000000000000000000000000000000000000000000000000000000000001503201700000000            000000000000000                              000                           
0010001300295T 280180230000001544772 29577050481831258   788888888888889913022017000000000007500001000000888888888888899          0900000000000000000000000000000000000000000000000000000   000000000000000000000005002        170192957705     
0010001300296U 280000000000000000000000000000000000000000000000000000000000000000000000000000000000000000000000000000000000000000000000001503201700000000            000000000000000                              000                           
0010001300297T 280180230000001544772 29577050481942729   788888888888889913022017000000000007500001000000888888888888899          0900000000000000000000000000000000000000000000000000000   000000000000000000000005002        170192957705     
0010001300298U 280000000000000000000000000000000000000000000000000000000000000000000000000000000000000000000000000000000000000000000000001503201700000000            000000000000000                              000                           
0010001300299T 280180230000001544772 29577050482127637   788888888888889913022017000000000007500001000000888888888888899          0900000000000000000000000000000000000000000000000000000   000000000000000000000005002        170192957705     
0010001300300U 280000000000000000000000000000000000000000000000000000000000000000000000000000000000000000000000000000000000000000000000001503201700000000            000000000000000                              000                           
0010001300301T 280180230000001544772 29577050482434497   788888888888889913022017000000000007500001000000888888888888899          0900000000000000000000000000000000000000000000000000000   000000000000000000000005002        170192957705     
0010001300302U 280000000000000000000000000000000000000000000000000000000000000000000000000000000000000000000000000000000000000000000000001503201700000000            000000000000000                              000                           
0010001300303T 280180230000001544772 29577050482832332   788888888888889913022017000000000007500001000000888888888888899          0900000000000000000000000000000000000000000000000000000   000000000000000000000005002        170192957705     
0010001300304U 280000000000000000000000000000000000000000000000000000000000000000000000000000000000000000000000000000000000000000000000001503201700000000            000000000000000                              000                           
0010001300305T 280180230000001544772 29577050482902921   788888888888889913022017000000000007500001000000888888888888899          0900000000000000000000000000000000000000000000000000000   000000000000000000000005002        170192957705     
0010001300306U 280000000000000000000000000000000000000000000000000000000000000000000000000000000000000000000000000000000000000000000000001503201700000000            000000000000000                              000                           
0010001300307T 280180230000001544772 29577050483148769   788888888888889913022017000000000007500001000000888888888888899          0900000000000000000000000000000000000000000000000000000   000000000000000000000005002        170192957705     
0010001300308U 280000000000000000000000000000000000000000000000000000000000000000000000000000000000000000000000000000000000000000000000001503201700000000            000000000000000                              000                           
0010001300309T 280180230000001544772 29577050483216953   788888888888889913022017000000000007500001000000888888888888899          0900000000000000000000000000000000000000000000000000000   000000000000000000000005002        170192957705     
0010001300310U 280000000000000000000000000000000000000000000000000000000000000000000000000000000000000000000000000000000000000000000000001503201700000000            000000000000000                              000                           
0010001300311T 280180230000001544772 29577050483345908   788888888888889913022017000000000007500001000000888888888888899          0900000000000000000000000000000000000000000000000000000   000000000000000000000005002        170192957705     
0010001300312U 280000000000000000000000000000000000000000000000000000000000000000000000000000000000000000000000000000000000000000000000001503201700000000            000000000000000                              000                           
0010001300313T 280180230000001544772 29577050483402087   788888888888889913022017000000000007500001000000888888888888899          0900000000000000000000000000000000000000000000000000000   000000000000000000000005002        170192957705     
0010001300314U 280000000000000000000000000000000000000000000000000000000000000000000000000000000000000000000000000000000000000000000000001503201700000000            000000000000000                              000                           
0010001300315T 280180230000001544772 29577050483420820   788888888888889913022017000000000007500001000000888888888888899          0900000000000000000000000000000000000000000000000000000   000000000000000000000005002        170192957705     
0010001300316U 280000000000000000000000000000000000000000000000000000000000000000000000000000000000000000000000000000000000000000000000001503201700000000            000000000000000                              000                           
0010001300317T 280180230000001544772 29577050483440069   788888888888889913022017000000000007500001000000888888888888899          0900000000000000000000000000000000000000000000000000000   000000000000000000000005002        170192957705     
0010001300318U 280000000000000000000000000000000000000000000000000000000000000000000000000000000000000000000000000000000000000000000000001503201700000000            000000000000000                              000                           
0010001300319T 280180230000001544772 29577050483651470   788888888888889913022017000000000007500001000000888888888888899          0900000000000000000000000000000000000000000000000000000   000000000000000000000005002        170192957705     
0010001300320U 280000000000000000000000000000000000000000000000000000000000000000000000000000000000000000000000000000000000000000000000001503201700000000            000000000000000                              000                           
0010001300321T 280180230000001544772 29577050483744359   788888888888889913022017000000000007500001000000888888888888899          0900000000000000000000000000000000000000000000000000000   000000000000000000000005002        170192957705     
0010001300322U 280000000000000000000000000000000000000000000000000000000000000000000000000000000000000000000000000000000000000000000000001503201700000000            000000000000000                              000                           
0010001300323T 280180230000001544772 29577050483824535   788888888888889913022017000000000007500001000000888888888888899          0900000000000000000000000000000000000000000000000000000   000000000000000000000005002        170192957705     
0010001300324U 280000000000000000000000000000000000000000000000000000000000000000000000000000000000000000000000000000000000000000000000001503201700000000            000000000000000                              000                           
0010001300325T 280180230000001544772 29577050483844807   788888888888889913022017000000000007500001000000888888888888899          0900000000000000000000000000000000000000000000000000000   000000000000000000000005002        170192957705     
0010001300326U 280000000000000000000000000000000000000000000000000000000000000000000000000000000000000000000000000000000000000000000000001503201700000000            000000000000000                              000                           
0010001300327T 280180230000001544772 29577050484052478   788888888888889913022017000000000007500001000000888888888888899          0900000000000000000000000000000000000000000000000000000   000000000000000000000005002        170192957705     
0010001300328U 280000000000000000000000000000000000000000000000000000000000000000000000000000000000000000000000000000000000000000000000001503201700000000            000000000000000                              000                           
0010001300329T 280180230000001544772 29577050484243377   788888888888889913022017000000000007500001000000888888888888899          0900000000000000000000000000000000000000000000000000000   000000000000000000000005002        170192957705     
0010001300330U 280000000000000000000000000000000000000000000000000000000000000000000000000000000000000000000000000000000000000000000000001503201700000000            000000000000000                              000                           
0010001300331T 280180230000001544772 29577050484426742   788888888888889913022017000000000007500001000000888888888888899          0900000000000000000000000000000000000000000000000000000   000000000000000000000005002        170192957705     
0010001300332U 280000000000000000000000000000000000000000000000000000000000000000000000000000000000000000000000000000000000000000000000001503201700000000            000000000000000                              000                           
0010001300333T 280180230000001544772 29577050484557527   788888888888889913022017000000000007500001000000888888888888899          0900000000000000000000000000000000000000000000000000000   000000000000000000000005002        170192957705     
0010001300334U 280000000000000000000000000000000000000000000000000000000000000000000000000000000000000000000000000000000000000000000000001503201700000000            000000000000000                              000                           
0010001300335T 280180230000001544772 29577050484654206   788888888888889913022017000000000007500001000000888888888888899          0900000000000000000000000000000000000000000000000000000   000000000000000000000005002        170192957705     
0010001300336U 280000000000000000000000000000000000000000000000000000000000000000000000000000000000000000000000000000000000000000000000001503201700000000            000000000000000                              000                           
0010001300337T 280180230000001544772 29577050484733517   788888888888889913022017000000000007500001000000888888888888899          0900000000000000000000000000000000000000000000000000000   000000000000000000000005002        170192957705     
0010001300338U 280000000000000000000000000000000000000000000000000000000000000000000000000000000000000000000000000000000000000000000000001503201700000000            000000000000000                              000                           
0010001300339T 280180230000001544772 29577050484837214   788888888888889913022017000000000007500001000000888888888888899          0900000000000000000000000000000000000000000000000000000   000000000000000000000005002        170192957705     
0010001300340U 280000000000000000000000000000000000000000000000000000000000000000000000000000000000000000000000000000000000000000000000001503201700000000            000000000000000                              000                           
0010001300341T 280180230000001544772 29577050484842997   788888888888889913022017000000000007500001000000888888888888899          0900000000000000000000000000000000000000000000000000000   000000000000000000000005002        170192957705     
0010001300342U 280000000000000000000000000000000000000000000000000000000000000000000000000000000000000000000000000000000000000000000000001503201700000000            000000000000000                              000                           
0010001300343T 280180230000001544772 29577050484904268   788888888888889913022017000000000010000001000000888888888888899          0900000000000000000000000000000000000000000000000000000   000000000000000000000005002        170192957705     
0010001300344U 280000000000000000000000000000000000000000000000000000000000000000000000000000000000000000000000000000000000000000000000001503201700000000            000000000000000                              000                           
0010001300345T 280180230000001544772 29577050485214221   788888888888889913022017000000000010000001000000888888888888899          0900000000000000000000000000000000000000000000000000000   000000000000000000000005002        170192957705     
0010001300346U 280000000000000000000000000000000000000000000000000000000000000000000000000000000000000000000000000000000000000000000000001503201700000000            000000000000000                              000                           
0010001300347T 280180230000001544772 29577050485656035   788888888888889913022017000000000007500001000000888888888888899          0900000000000000000000000000000000000000000000000000000   000000000000000000000005002        170192957705     
0010001300348U 280000000000000000000000000000000000000000000000000000000000000000000000000000000000000000000000000000000000000000000000001503201700000000            000000000000000                              000                           
0010001300349T 280180230000001544772 29577050485820582   788888888888889913022017000000000007500001000000888888888888899          0900000000000000000000000000000000000000000000000000000   000000000000000000000005002        170192957705     
0010001300350U 280000000000000000000000000000000000000000000000000000000000000000000000000000000000000000000000000000000000000000000000001503201700000000            000000000000000                              000                           
0010001300351T 280180230000001544772 29577050486005404   788888888888889913022017000000000007500001000000888888888888899          0900000000000000000000000000000000000000000000000000000   000000000000000000000005002        170192957705     
0010001300352U 280000000000000000000000000000000000000000000000000000000000000000000000000000000000000000000000000000000000000000000000001503201700000000            000000000000000                              000                           
0010001300353T 280180230000001544772 29577050486151613   788888888888889913022017000000000007500001000000888888888888899          0900000000000000000000000000000000000000000000000000000   000000000000000000000005002        170192957705     
0010001300354U 280000000000000000000000000000000000000000000000000000000000000000000000000000000000000000000000000000000000000000000000001503201700000000            000000000000000                              000                           
0010001300355T 280180230000001544772 29577050486157694   788888888888889913022017000000000007500001000000888888888888899          0900000000000000000000000000000000000000000000000000000   000000000000000000000005002        170192957705     
0010001300356U 280000000000000000000000000000000000000000000000000000000000000000000000000000000000000000000000000000000000000000000000001503201700000000            000000000000000                              000                           
0010001300357T 280180230000001544772 29577050486158747   788888888888889913022017000000000007500001000000888888888888899          0900000000000000000000000000000000000000000000000000000   000000000000000000000005002        170192957705     
0010001300358U 280000000000000000000000000000000000000000000000000000000000000000000000000000000000000000000000000000000000000000000000001503201700000000            000000000000000                              000                           
00100015         000360005782000000000442560000000000000000000000000000000000000000000000000000000000000000000000000000000000000000000000000000000                                                                                              
00199999         000001000362000000                                                                                                                                                            00000000000000000000000000000                    
