00100000         2247745860001000029577050014       0180230000001544772 INSTITUTO DE SELECAO E TECNOLOBANCO DO BRASIL                         21412201606425100000503000000515122941PROCESSAMEN                                                 
00100011T0100020 20247745860001000029577050014       0180230000001544772 INSTITUTO DE SELECAO E TECNOLO                                                                                000000001412201600000000  000000000                      
0010001300001T 020180230000001544772 29577050004300000   712345678       1212201600000000000750000101981X12345678                 0900000000000010000000000000000000000000000000000000000   0000000000000000000000000A9        170192957705     
0010001300002U 020000000000000000000000000000000000000000000000000000000000000000000000000000000000000000000000000000000000000000000000001412201600000000            000000000000000                              000                           
0010001300003T 020180230000001544772 29577050004900000   712345678       1212201600000000001100000101981X12345678                 0900000000000010000000000000000000000000000000000000000   0000000000000000000000000A9        170192957705     
0010001300004U 020000000000000000000000000000000000000000000000000000000000000000000000000000000000000000000000000000000000000000000000001412201600000000            000000000000000                              000                           
0010001300005T 020180230000001544772 29577050005100000   712345678       1212201600000000001100000101981X12345678                 0900000000000010000000000000000000000000000000000000000   0000000000000000000000000A9        170192957705     
0010001300006U 020000000000000000000000000000000000000000000000000000000000000000000000000000000000000000000000000000000000000000000000001412201600000000            000000000000000                              000                           
0010001300007T 020180230000001544772 29577050005200000   712345678       1212201600000000000750000101981X12345678                 0900000000000010000000000000000000000000000000000000000   0000000000000000000000000A9        170192957705     
0010001300008U 020000000000000000000000000000000000000000000000000000000000000000000000000000000000000000000000000000000000000000000000001412201600000000            000000000000000                              000                           
0010001300009T 030180230000001544772 29577050004300000   712345678       1212201600000000000750000100000 12345678                 0900000000000000000000000000000000000000000000000000000   000000000000000000000000063        170192957705     
0010001300010U 030000000000000000000000000000000000000000000000000000000000000000000000000000000000000000000000000000000000000000000000001412201600000000            000000000000000                              000                           
0010001300011T 030180230000001544772 29577050004300000   712345678       1212201600000000000750000100000 12345678                 0900000000000000000000000000000000000000000000000000000   000000000000000000000000063        170192957705     
0010001300012U 030000000000000000000000000000000000000000000000000000000000000000000000000000000000000000000000000000000000000000000000001412201600000000            000000000000000                              000                           
0010001300013T 030180230000001544772 29577050004300000   712345678       1212201600000000000750000100000 12345678                 0900000000000000000000000000000000000000000000000000000   000000000000000000000000063        170192957705     
0010001300014U 030000000000000000000000000000000000000000000000000000000000000000000000000000000000000000000000000000000000000000000000001412201600000000            000000000000000                              000                           
0010001300015T 030180230000001544772 29577050004300000   712345678       1212201600000000000750000100000 12345678                 0900000000000000000000000000000000000000000000000000000   000000000000000000000000063        170192957705     
0010001300016U 030000000000000000000000000000000000000000000000000000000000000000000000000000000000000000000000000000000000000000000000001412201600000000            000000000000000                              000                           
0010001300017T 030180230000001544772 29577050005400000   12340644        1612201600000000000750000100000 2340644                  0900000000000000000000000000000000000000000000000000000   000000000000000000000000046        000002957705     
0010001300018U 030000000000000000000000000000000000000000000000000000000000000000000000000000000000000000000000000000000000000000000000001412201600000000            000000000000000                              000                           
0010001300019T 030180230000001544772 29577050005400000   12463852        1612201600000000000750000100000 2463852                  0900000000000000000000000000000000000000000000000000000   000000000000000000000000046        000002957705     
0010001300020U 030000000000000000000000000000000000000000000000000000000000000000000000000000000000000000000000000000000000000000000000001412201600000000            000000000000000                              000                           
0010001300021T 030180230000001544772 29577050005500000   12525156        1612201600000000001100000100000 2525156                  0900000000000000000000000000000000000000000000000000000   000000000000000000000000046        000002957705     
0010001300022U 030000000000000000000000000000000000000000000000000000000000000000000000000000000000000000000000000000000000000000000000001412201600000000            000000000000000                              000                           
0010001300023T 030180230000001544772 29577050056000003   12671627        1612201600000000000750000100000 2671627                  0900000000000000000000000000000000000000000000000000000   000000000000000000000000046        000002957705     
0010001300024U 030000000000000000000000000000000000000000000000000000000000000000000000000000000000000000000000000000000000000000000000001412201600000000            000000000000000                              000                           
0010001300025T 030180230000001544772 29577050056000008   12764144        1612201600000000000750000100000 2764144                  0900000000000000000000000000000000000000000000000000000   000000000000000000000000046        000002957705     
0010001300026U 030000000000000000000000000000000000000000000000000000000000000000000000000000000000000000000000000000000000000000000000001412201600000000            000000000000000                              000                           
0010001300027T 030180230000001544772 29577050056000009   12883705        1612201600000000001100000100000 2883705                  0900000000000000000000000000000000000000000000000000000   000000000000000000000000046        000002957705     
0010001300028U 030000000000000000000000000000000000000000000000000000000000000000000000000000000000000000000000000000000000000000000000001412201600000000            000000000000000                              000                           
0010001300029T 030180230000001544772 29577050057000009   12930905        1612201600000000001100000100000 2930905                  0900000000000000000000000000000000000000000000000000000   000000000000000000000000046        000002957705     
0010001300030U 030000000000000000000000000000000000000000000000000000000000000000000000000000000000000000000000000000000000000000000000001412201600000000            000000000000000                              000                           
00100015         000032000004000000000000370000000000000000000000000000000000000000000000000000000000000000000000000000000000000000000000000000000                                                                                              
00199999         000001000034000000                                                                                                                                                            00000000000000000000000000000                    
