00100000         2247745860001000029577050014       0180230000001544772 INSTITUTO DE SELECAO E TECNOLOBANCO DO BRASIL                         21612201601081900000803000000515122941PROCESSAMEN                                                 
00100011T0100020 20247745860001000029577050014       0180230000001544772 INSTITUTO DE SELECAO E TECNOLO                                                                                000000001612201600000000  000000000                      
0010001300001T 170180230000001544772 29577050003148007   7               00000000000000000001000001018023                         0900000000000010000000000000000000000000000000000000000   000000000000000000000070003        170192957705     
0010001300002U 170000000000000000000000000000000000000000000000000000000000000000000000010000000000000003000000000000000000000000000000001612201619122016            000000000000000                              000                           
0010001300003T 170180230000001544772 29577050003274435   7               00000000000000000001000001018023                         0900000000000010000000000000000000000000000000000000000   000000000000000000000070003        170192957705     
0010001300004U 170000000000000000000000000000000000000000000000000000000000000000000000010000000000000003000000000000000000000000000000001612201619122016            000000000000000                              000                           
0010001300005T 060180230000001544772 29577050005200000   712345678       1212201600000000000750000101802312345678                 0900000000000010000000000000000000000000000000000000000   000000000000000000000029000        170192957705     
0010001300006U 060000000000000000000000000000000000000000000000000000000000000000000000075000000000000072100000000000000000000000000000001612201619122016            000000000000000                              000                           
0010001300007T 170180230000001544772 29577050005400000   7               00000000000000000007500001018023                         0900000000000010000000000000000000000000000000000000000   000000000000000000000070003        170192957705     
0010001300008U 170000000000000000000000000000000000000000000000000000000000000000000000075000000000000068000000000000000000000000000000001612201619122016            000000000000000                              000                           
0010001300009T 170180230000001544772 29577050005500000   7               00000000000000000011000001018023                         0900000000000010000000000000000000000000000000000000000   000000000000000000000070003        170192957705     
0010001300010U 170000000000000000000000000000000000000000000000000000000000000000000000110000000000000103000000000000000000000000000000001612201619122016            000000000000000                              000                           
0010001300011T 170180230000001544772 29577050056000003   7               00000000000000000007500001018023                         0900000000000010000000000000000000000000000000000000000   000000000000000000000070003        170192957705     
0010001300012U 170000000000000000000000000000000000000000000000000000000000000000000000075000000000000068000000000000000000000000000000001612201619122016            000000000000000                              000                           
0010001300013T 170180230000001544772 29577050056000008   7               00000000000000000007500001018023                         0900000000000010000000000000000000000000000000000000000   000000000000000000000070003        170192957705     
0010001300014U 170000000000000000000000000000000000000000000000000000000000000000000000075000000000000068000000000000000000000000000000001612201619122016            000000000000000                              000                           
0010001300015T 170180230000001544772 29577050056000009   7               00000000000000000011000001018023                         0900000000000010000000000000000000000000000000000000000   000000000000000000000070003        170192957705     
0010001300016U 170000000000000000000000000000000000000000000000000000000000000000000000110000000000000103000000000000000000000000000000001612201619122016            000000000000000                              000                           
0010001300017T 030180230000001544772 29577050003148007   13167200        1812201600000000000100000100000 3167200                  0900000000000000000000000000000000000000000000000000000   000000000000000000000000046        000002957705     
0010001300018U 030000000000000000000000000000000000000000000000000000000000000000000000000000000000000000000000000000000000000000000000001612201600000000            000000000000000                              000                           
0010001300019T 030180230000001544772 29577050003274435   13225000        1812201600000000000100000100000 3225000                  0900000000000000000000000000000000000000000000000000000   000000000000000000000000046        000002957705     
0010001300020U 030000000000000000000000000000000000000000000000000000000000000000000000000000000000000000000000000000000000000000000000001612201600000000            000000000000000                              000                           
0010001300021T 030180230000001544772 29577050003387215   13362100        1812201600000000000150000100000 3362100                  0900000000000000000000000000000000000000000000000000000   000000000000000000000000046        000002957705     
0010001300022U 030000000000000000000000000000000000000000000000000000000000000000000000000000000000000000000000000000000000000000000000001612201600000000            000000000000000                              000                           
0010001300023T 030180230000001544772 29577050003491256   13419800        1812201600000000000100000100000 3419800                  0900000000000000000000000000000000000000000000000000000   000000000000000000000000046        000002957705     
0010001300024U 030000000000000000000000000000000000000000000000000000000000000000000000000000000000000000000000000000000000000000000000001612201600000000            000000000000000                              000                           
0010001300025T 030180230000001544772 29577050003586711   13514500        1812201600000000000100000100000 3514500                  0900000000000000000000000000000000000000000000000000000   000000000000000000000000046        000002957705     
0010001300026U 030000000000000000000000000000000000000000000000000000000000000000000000000000000000000000000000000000000000000000000000001612201600000000            000000000000000                              000                           
0010001300027T 030180230000001544772 29577050003692752   13639000        1812201600000000000150000100000 3639000                  0900000000000000000000000000000000000000000000000000000   000000000000000000000000046        000002957705     
0010001300028U 030000000000000000000000000000000000000000000000000000000000000000000000000000000000000000000000000000000000000000000000001612201600000000            000000000000000                              000                           
0010001300029T 030180230000001544772 29577050003781253   13785800        1812201600000000000100000100000 3785800                  0900000000000000000000000000000000000000000000000000000   000000000000000000000000030        000002957705     
0010001300030U 030000000000000000000000000000000000000000000000000000000000000000000000000000000000000000000000000000000000000000000000001612201600000000            000000000000000                              000                           
0010001300031T 030180230000001544772 29577050003838000   13802200        1812201600000000000150000100000 3802200                  0900000000000000000000000000000000000000000000000000000   000000000000000000000000046        000002957705     
0010001300032U 030000000000000000000000000000000000000000000000000000000000000000000000000000000000000000000000000000000000000000000000001612201600000000            000000000000000                              000                           
0010001300033T 030180230000001544772 29577050056000003   12671627        1612201600000000000750000100000 2671627                  0900000000000000000000000000000000000000000000000000000   000000000000000000000000046        000002957705     
0010001300034U 030000000000000000000000000000000000000000000000000000000000000000000000000000000000000000000000000000000000000000000000001612201600000000            000000000000000                              000                           
0010001300035T 030180230000001544772 29577050056000008   12764144        1612201600000000000750000100000 2764144                  0900000000000000000000000000000000000000000000000000000   000000000000000000000000046        000002957705     
0010001300036U 030000000000000000000000000000000000000000000000000000000000000000000000000000000000000000000000000000000000000000000000001612201600000000            000000000000000                              000                           
0010001300037T 030180230000001544772 29577050056000009   12883705        1612201600000000001000000100000 2883705                  0900000000000000000000000000000000000000000000000000000   000000000000000000000000046        000002957705     
0010001300038U 030000000000000000000000000000000000000000000000000000000000000000000000000000000000000000000000000000000000000000000000001612201600000000            000000000000000                              000                           
0010001300039T 030180230000001544772 29577050057000009   12930905        1612201600000000001000000100000 2930905                  0900000000000000000000000000000000000000000000000000000   000000000000000000000000046        000002957705     
0010001300040U 030000000000000000000000000000000000000000000000000000000000000000000000000000000000000000000000000000000000000000000000001612201600000000            000000000000000                              000                           
00100015         000042000003000000000000295000000000000000000000000000000000000000000000000000000000000000000000000000000000000000000000000000000                                                                                              
00199999         000001000044000000                                                                                                                                                            00000000000000000000000000000                    
