00100000         2247745860001000029577050014       0180230000001544772 INSTITUTO DE SELECAO E TECNOLOBANCO DO BRASIL                         22312201601330400002003000000515122941PROCESSAMEN                                                 
00100011T0100020 20247745860001000029577050014       0180230000001544772 INSTITUTO DE SELECAO E TECNOLO                                                                                000000002312201600000000  000000000                      
0010001300001T 060180230000001544772 29577050005717382   757475          2312201600000000000750034104843057475                    0900000000000010000000000000000000000000000000000000000   000000000000000000000029000        170192957705     
0010001300002U 060000000000000000000000000000000000000000000000000000000000000000000000075000000000000072100000000000000000000000000000002312201626122016            000000000000000                              000                           
0010001300003T 170180230000001544772 29577050006622499   7               00000000000000000007500104008820                         0900000000000010000000000000000000000000000000000000000   000000000000000000000070003        170192957705     
0010001300004U 170000000000000000000000000000000000000000000000000000000000000000000000075000000000000068000000000000000000000000000000002312201626122016            000000000000000                              000                           
0010001300005T 060180230000001544772 29577050015307596   7153343         2312201600000000000750000103049X153343                   0900000000000010000000000000000000000000000000000000000   000000000000000000000029000        170192957705     
0010001300006U 060000000000000000000000000000000000000000000000000000000000000000000000075000000000000072100000000000000000000000000000002312201626122016            000000000000000                              000                           
0010001300007T 060180230000001544772 29577050016715473   7167636         23122016000000000007500033033490167636                   0900000000000010000000000000000000000000000000000000000   000000000000000000000029000        170192957705     
0010001300008U 060000000000000000000000000000000000000000000000000000000000000000000000075000000000000072100000000000000000000000000000002312201626122016            000000000000000                              000                           
0010001300009T 060180230000001544772 29577050016833705   7168899         23122016000000000007500033033490168899                   0900000000000010000000000000000000000000000000000000000   000000000000000000000029000        170192957705     
0010001300010U 060000000000000000000000000000000000000000000000000000000000000000000000075000000000000072100000000000000000000000000000002312201626122016            000000000000000                              000                           
0010001300011T 060180230000001544772 29577050018513985   7185162         23122016000000000007500033001020185162                   0900000000000010000000000000000000000000000000000000000   000000000000000000000029000        170192957705     
0010001300012U 060000000000000000000000000000000000000000000000000000000000000000000000075000000000000072100000000000000000000000000000002312201626122016            000000000000000                              000                           
0010001300013T 060180230000001544772 29577050023813618   7238490         23122016000000000007500021001010238490                   0900000000000010000000000000000000000000000000000000000   000000000000000000000029000        170192957705     
0010001300014U 060000000000000000000000000000000000000000000000000000000000000000000000075000000000000072100000000000000000000000000000002312201626122016            000000000000000                              000                           
0010001300015T 060180230000001544772 29577050023942079   7239154         23122016000000000007500021001020239154                   0900000000000010000000000000000000000000000000000000000   000000000000000000000029000        170192957705     
0010001300016U 060000000000000000000000000000000000000000000000000000000000000000000000075000000000000072100000000000000000000000000000002312201626122016            000000000000000                              000                           
0010001300017T 060180230000001544772 29577050024318800   7243994         23122016000000000007500001030848243994                   0900000000000010000000000000000000000000000000000000000   000000000000000000000029000        170192957705     
0010001300018U 060000000000000000000000000000000000000000000000000000000000000000000000075000000000000072100000000000000000000000000000002312201626122016            000000000000000                              000                           
0010001300019T 060180230000001544772 29577050024536113   7245481         23122016000000000007500104001680245481                   0900000000000010000000000000000000000000000000000000000   000000000000000000000029000        170192957705     
0010001300020U 060000000000000000000000000000000000000000000000000000000000000000000000075000000000000072100000000000000000000000000000002312201626122016            000000000000000                              000                           
0010001300021T 170180230000001544772 29577050028715981   7               00000000000000000010000001031674                         0900000000000010000000000000000000000000000000000000000   000000000000000000000070003        170192957705     
0010001300022U 170000000000000000000000000000000000000000000000000000000000000000000000100000000000000093000000000000000000000000000000002312201626122016            000000000000000                              000                           
0010001300023T 170180230000001544772 29577050046949284   7               00000000000000000007500104005900                         0900000000000010000000000000000000000000000000000000000   000000000000000000000070003        170192957705     
0010001300024U 170000000000000000000000000000000000000000000000000000000000000000000000075000000000000068000000000000000000000000000000002312201626122016            000000000000000                              000                           
0010001300025T 170180230000001544772 29577050048521714   7               00000000000000000010000001009245                         0900000000000010000000000000000000000000000000000000000   000000000000000000000070003        170192957705     
0010001300026U 170000000000000000000000000000000000000000000000000000000000000000000000100000000000000093000000000000000000000000000000002312201626122016            000000000000000                              000                           
00100015         000028000130000000000010265000000000000000000000000000000000000000000000000000000000000000000000000000000000000000000000000000000                                                                                              
00199999         000001000030000000                                                                                                                                                            00000000000000000000000000000                    
