00100000         2247745860001000029577050014       0180230000001544772 INSTITUTO DE SELECAO E TECNOLOBANCO DO BRASIL                         22612201602164100002203000000515122941PROCESSAMEN                                                 
00100011T0100020 20247745860001000029577050014       0180230000001544772 INSTITUTO DE SELECAO E TECNOLO                                                                                000000002612201600000000  000000000                      
0010001300001T 020180230000001544772 29577050017920702   788888888888889925122016000000000007500001012416888888888888899          0900000000000010000000000000000000000000000000000000000   0000000000000000000000000A9        170192957705     
0010001300002U 020000000000000000000000000000000000000000000000000000000000000000000000000000000000000000000000000000000000000000000000002612201600000000            000000000000000                              000                           
0010001300003T 020180230000001544772 29577050018118343   788888888888889927122016000000000007500001009245888888888888899          0900000000000010000000000000000000000000000000000000000   0000000000000000000000000A9        170192957705     
0010001300004U 020000000000000000000000000000000000000000000000000000000000000000000000000000000000000000000000000000000000000000000000002612201600000000            000000000000000                              000                           
0010001300005T 020180230000001544772 29577050019413613   788888888888889925122016000000000010000001000213888888888888899          0900000000000010000000000000000000000000000000000000000   0000000000000000000000000A9        170192957705     
0010001300006U 020000000000000000000000000000000000000000000000000000000000000000000000000000000000000000000000000000000000000000000000002612201600000000            000000000000000                              000                           
0010001300007T 020180230000001544772 29577050019441328   788888888888889925122016000000000010000001000213888888888888899          0900000000000010000000000000000000000000000000000000000   0000000000000000000000000A9        170192957705     
0010001300008U 020000000000000000000000000000000000000000000000000000000000000000000000000000000000000000000000000000000000000000000000002612201600000000            000000000000000                              000                           
0010001300009T 020180230000001544772 29577050045418688   788888888888889925122016000000000007500001046280888888888888899          0900000000000010000000000000000000000000000000000000000   0000000000000000000000000A9        170192957705     
0010001300010U 020000000000000000000000000000000000000000000000000000000000000000000000000000000000000000000000000000000000000000000000002612201600000000            000000000000000                              000                           
0010001300011T 020180230000001544772 29577050046207337   788888888888889925122016000000000007500001012408888888888888899          0900000000000010000000000000000000000000000000000000000   0000000000000000000000000A9        170192957705     
0010001300012U 020000000000000000000000000000000000000000000000000000000000000000000000000000000000000000000000000000000000000000000000002612201600000000            000000000000000                              000                           
0010001300013T 020180230000001544772 29577050046207665   788888888888889925122016000000000007500001012408888888888888899          0900000000000010000000000000000000000000000000000000000   0000000000000000000000000A9        170192957705     
0010001300014U 020000000000000000000000000000000000000000000000000000000000000000000000000000000000000000000000000000000000000000000000002612201600000000            000000000000000                              000                           
0010001300015T 020180230000001544772 29577050046220758   788888888888889925122016000000000007500001012408888888888888899          0900000000000010000000000000000000000000000000000000000   0000000000000000000000000A9        170192957705     
0010001300016U 020000000000000000000000000000000000000000000000000000000000000000000000000000000000000000000000000000000000000000000000002612201600000000            000000000000000                              000                           
0010001300017T 020180230000001544772 29577050048032654   788888888888889925122016000000000007500001010561888888888888899          0900000000000010000000000000000000000000000000000000000   0000000000000000000000000A9        170192957705     
0010001300018U 020000000000000000000000000000000000000000000000000000000000000000000000000000000000000000000000000000000000000000000000002612201600000000            000000000000000                              000                           
0010001300019T 020180230000001544772 29577050048115921   788888888888889925122016000000000007500001012408888888888888899          0900000000000010000000000000000000000000000000000000000   0000000000000000000000000A9        170192957705     
0010001300020U 020000000000000000000000000000000000000000000000000000000000000000000000000000000000000000000000000000000000000000000000002612201600000000            000000000000000                              000                           
0010001300021T 020180230000001544772 29577050048347090   788888888888889925122016000000000010000001004782888888888888899          0900000000000010000000000000000000000000000000000000000   0000000000000000000000000A9        170192957705     
0010001300022U 020000000000000000000000000000000000000000000000000000000000000000000000000000000000000000000000000000000000000000000000002612201600000000            000000000000000                              000                           
0010001300023T 020180230000001544772 29577050048423354   788888888888889925122016000000000007500001012416888888888888899          0900000000000010000000000000000000000000000000000000000   0000000000000000000000000A9        170192957705     
0010001300024U 020000000000000000000000000000000000000000000000000000000000000000000000000000000000000000000000000000000000000000000000002612201600000000            000000000000000                              000                           
0010001300025T 020180230000001544772 29577050048751040   788888888888889925122016000000000007500001000213888888888888899          0900000000000010000000000000000000000000000000000000000   0000000000000000000000000A9        170192957705     
0010001300026U 020000000000000000000000000000000000000000000000000000000000000000000000000000000000000000000000000000000000000000000000002612201600000000            000000000000000                              000                           
0010001300027T 020180230000001544772 29577050049342286   788888888888889925122016000000000007500001000213888888888888899          0900000000000010000000000000000000000000000000000000000   0000000000000000000000000A9        170192957705     
0010001300028U 020000000000000000000000000000000000000000000000000000000000000000000000000000000000000000000000000000000000000000000000002612201600000000            000000000000000                              000                           
0010001300029T 020180230000001544772 29577050049754643   788888888888889925122016000000000007500001008443888888888888899          0900000000000010000000000000000000000000000000000000000   0000000000000000000000000A9        170192957705     
0010001300030U 020000000000000000000000000000000000000000000000000000000000000000000000000000000000000000000000000000000000000000000000002612201600000000            000000000000000                              000                           
0010001300031T 020180230000001544772 29577050049951051   788888888888889925122016000000000007500001009245888888888888899          0900000000000010500000000000000000000000000000000000000   0000000000000000000000000A9A4      170192957705     
0010001300032U 020000000000000000000000000000000000000000000000000000000000000000000000000000000000000000000000000000000000000000000000002612201600000000            000000000000000                              000                           
0010001300033T 020180230000001544772 29577050049959510   788888888888889925122016000000000007500001009245888888888888899          0900000000000010500000000000000000000000000000000000000   0000000000000000000000000A9A4      170192957705     
0010001300034U 020000000000000000000000000000000000000000000000000000000000000000000000000000000000000000000000000000000000000000000000002612201600000000            000000000000000                              000                           
0010001300035T 020180230000001544772 29577050050226398   788888888888889925122016000000000007500001012416888888888888899          0900000000000010000000000000000000000000000000000000000   0000000000000000000000000A9        170192957705     
0010001300036U 020000000000000000000000000000000000000000000000000000000000000000000000000000000000000000000000000000000000000000000000002612201600000000            000000000000000                              000                           
0010001300037T 020180230000001544772 29577050050716596   788888888888889925122016000000000007500001012408888888888888899          0900000000000010000000000000000000000000000000000000000   0000000000000000000000000A9        170192957705     
0010001300038U 020000000000000000000000000000000000000000000000000000000000000000000000000000000000000000000000000000000000000000000000002612201600000000            000000000000000                              000                           
0010001300039T 020180230000001544772 29577050050846755   788888888888889925122016000000000007500001012408888888888888899          0900000000000010000000000000000000000000000000000000000   0000000000000000000000000A9        170192957705     
0010001300040U 020000000000000000000000000000000000000000000000000000000000000000000000000000000000000000000000000000000000000000000000002612201600000000            000000000000000                              000                           
0010001300041T 020180230000001544772 29577050051016736   788888888888889925122016000000000007500001002097888888888888899          0900000000000010000000000000000000000000000000000000000   0000000000000000000000000A9        170192957705     
0010001300042U 020000000000000000000000000000000000000000000000000000000000000000000000000000000000000000000000000000000000000000000000002612201600000000            000000000000000                              000                           
0010001300043T 020180230000001544772 29577050051023575   788888888888889925122016000000000007500001002097888888888888899          0900000000000010000000000000000000000000000000000000000   0000000000000000000000000A9        170192957705     
0010001300044U 020000000000000000000000000000000000000000000000000000000000000000000000000000000000000000000000000000000000000000000000002612201600000000            000000000000000                              000                           
0010001300045T 020180230000001544772 29577050051026795   788888888888889925122016000000000007500001002097888888888888899          0900000000000010000000000000000000000000000000000000000   0000000000000000000000000A9        170192957705     
0010001300046U 020000000000000000000000000000000000000000000000000000000000000000000000000000000000000000000000000000000000000000000000002612201600000000            000000000000000                              000                           
0010001300047T 020180230000001544772 29577050051909753   788888888888889925122016000000000007500001000213888888888888899          0900000000000010000000000000000000000000000000000000000   0000000000000000000000000A9        170192957705     
0010001300048U 020000000000000000000000000000000000000000000000000000000000000000000000000000000000000000000000000000000000000000000000002612201600000000            000000000000000                              000                           
0010001300049T 020180230000001544772 29577050052115030   788888888888889925122016000000000007500001000833888888888888899          0900000000000010000000000000000000000000000000000000000   0000000000000000000000000A9        170192957705     
0010001300050U 020000000000000000000000000000000000000000000000000000000000000000000000000000000000000000000000000000000000000000000000002612201600000000            000000000000000                              000                           
0010001300051T 020180230000001544772 29577050052123852   788888888888889925122016000000000007500001000833888888888888899          0900000000000010000000000000000000000000000000000000000   0000000000000000000000000A9        170192957705     
0010001300052U 020000000000000000000000000000000000000000000000000000000000000000000000000000000000000000000000000000000000000000000000002612201600000000            000000000000000                              000                           
0010001300053T 020180230000001544772 29577050052126151   788888888888889925122016000000000007500001000833888888888888899          0900000000000010000000000000000000000000000000000000000   0000000000000000000000000A9        170192957705     
0010001300054U 020000000000000000000000000000000000000000000000000000000000000000000000000000000000000000000000000000000000000000000000002612201600000000            000000000000000                              000                           
0010001300055T 020180230000001544772 29577050052151931   788888888888889925122016000000000007500001000833888888888888899          0900000000000010000000000000000000000000000000000000000   0000000000000000000000000A9        170192957705     
0010001300056U 020000000000000000000000000000000000000000000000000000000000000000000000000000000000000000000000000000000000000000000000002612201600000000            000000000000000                              000                           
0010001300057T 020180230000001544772 29577050052314140   788888888888889925122016000000000007500001000213888888888888899          0900000000000010000000000000000000000000000000000000000   0000000000000000000000000A9        170192957705     
0010001300058U 020000000000000000000000000000000000000000000000000000000000000000000000000000000000000000000000000000000000000000000000002612201600000000            000000000000000                              000                           
0010001300059T 020180230000001544772 29577050052416906   788888888888889925122016000000000010000001014389888888888888899          0900000000000010000000000000000000000000000000000000000   0000000000000000000000000A9        170192957705     
0010001300060U 020000000000000000000000000000000000000000000000000000000000000000000000000000000000000000000000000000000000000000000000002612201600000000            000000000000000                              000                           
0010001300061T 020180230000001544772 29577050052705896   788888888888889925122016000000000007500001004782888888888888899          0900000000000010000000000000000000000000000000000000000   0000000000000000000000000A9        170192957705     
0010001300062U 020000000000000000000000000000000000000000000000000000000000000000000000000000000000000000000000000000000000000000000000002612201600000000            000000000000000                              000                           
0010001300063T 020180230000001544772 29577050053017106   788888888888889925122016000000000007500001012416888888888888899          0900000000000010500000000000000000000000000000000000000   0000000000000000000000000A9A4      170192957705     
0010001300064U 020000000000000000000000000000000000000000000000000000000000000000000000000000000000000000000000000000000000000000000000002612201600000000            000000000000000                              000                           
0010001300065T 020180230000001544772 29577050053316907   788888888888889925122016000000000007500001008060888888888888899          0900000000000010000000000000000000000000000000000000000   0000000000000000000000000A9        170192957705     
0010001300066U 020000000000000000000000000000000000000000000000000000000000000000000000000000000000000000000000000000000000000000000000002612201600000000            000000000000000                              000                           
0010001300067T 020180230000001544772 29577050053429131   788888888888889925122016000000000007500001004782888888888888899          0900000000000010000000000000000000000000000000000000000   0000000000000000000000000A9        170192957705     
0010001300068U 020000000000000000000000000000000000000000000000000000000000000000000000000000000000000000000000000000000000000000000000002612201600000000            000000000000000                              000                           
0010001300069T 020180230000001544772 29577050053657309   78888888888888992512201600000000000750000103049X888888888888899          0900000000000010000000000000000000000000000000000000000   0000000000000000000000000A9        170192957705     
0010001300070U 020000000000000000000000000000000000000000000000000000000000000000000000000000000000000000000000000000000000000000000000002612201600000000            000000000000000                              000                           
0010001300071T 020180230000001544772 29577050054005937   788888888888889925122016000000000007500001000213888888888888899          0900000000000010000000000000000000000000000000000000000   0000000000000000000000000A9        170192957705     
0010001300072U 020000000000000000000000000000000000000000000000000000000000000000000000000000000000000000000000000000000000000000000000002612201600000000            000000000000000                              000                           
0010001300073T 020180230000001544772 29577050054235248   78888888888888992512201600000000000750000103049X888888888888899          0900000000000010000000000000000000000000000000000000000   0000000000000000000000000A9        170192957705     
0010001300074U 020000000000000000000000000000000000000000000000000000000000000000000000000000000000000000000000000000000000000000000000002612201600000000            000000000000000                              000                           
0010001300075T 020180230000001544772 29577050054623930   788888888888889925122016000000000007500001012408888888888888899          0900000000000010500000000000000000000000000000000000000   0000000000000000000000000A9A4      170192957705     
0010001300076U 020000000000000000000000000000000000000000000000000000000000000000000000000000000000000000000000000000000000000000000000002612201600000000            000000000000000                              000                           
0010001300077T 020180230000001544772 29577050054713479   78888888888888992512201600000000000750000103049X888888888888899          0900000000000010000000000000000000000000000000000000000   0000000000000000000000000A9        170192957705     
0010001300078U 020000000000000000000000000000000000000000000000000000000000000000000000000000000000000000000000000000000000000000000000002612201600000000            000000000000000                              000                           
0010001300079T 020180230000001544772 29577050054741219   78888888888888992612201600000000000750000103049X888888888888899          0900000000000010000000000000000000000000000000000000000   0000000000000000000000000A9        170192957705     
0010001300080U 020000000000000000000000000000000000000000000000000000000000000000000000000000000000000000000000000000000000000000000000002612201600000000            000000000000000                              000                           
0010001300081T 020180230000001544772 29577050054837391   78888888888888992512201600000000000750000103049X888888888888899          0900000000000010000000000000000000000000000000000000000   0000000000000000000000000A9        170192957705     
0010001300082U 020000000000000000000000000000000000000000000000000000000000000000000000000000000000000000000000000000000000000000000000002612201600000000            000000000000000                              000                           
0010001300083T 020180230000001544772 29577050055026111   788888888888889926122016000000000007500001012408888888888888899          0900000000000010000000000000000000000000000000000000000   0000000000000000000000000A9        170192957705     
0010001300084U 020000000000000000000000000000000000000000000000000000000000000000000000000000000000000000000000000000000000000000000000002612201600000000            000000000000000                              000                           
0010001300085T 020180230000001544772 29577050055150073   788888888888889925122016000000000007500001012416888888888888899          0900000000000010000000000000000000000000000000000000000   0000000000000000000000000A9        170192957705     
0010001300086U 020000000000000000000000000000000000000000000000000000000000000000000000000000000000000000000000000000000000000000000000002612201600000000            000000000000000                              000                           
0010001300087T 020180230000001544772 29577050055323702   788888888888889925122016000000000007500001000213888888888888899          0900000000000010000000000000000000000000000000000000000   0000000000000000000000000A9        170192957705     
0010001300088U 020000000000000000000000000000000000000000000000000000000000000000000000000000000000000000000000000000000000000000000000002612201600000000            000000000000000                              000                           
0010001300089T 020180230000001544772 29577050055556211   788888888888889925122016000000000007500001012416888888888888899          0900000000000010000000000000000000000000000000000000000   0000000000000000000000000A9        170192957705     
0010001300090U 020000000000000000000000000000000000000000000000000000000000000000000000000000000000000000000000000000000000000000000000002612201600000000            000000000000000                              000                           
0010001300091T 020180230000001544772 29577050055633326   788888888888889925122016000000000007500001012416888888888888899          0900000000000010000000000000000000000000000000000000000   0000000000000000000000000A9        170192957705     
0010001300092U 020000000000000000000000000000000000000000000000000000000000000000000000000000000000000000000000000000000000000000000000002612201600000000            000000000000000                              000                           
0010001300093T 020180230000001544772 29577050055818244   788888888888889925122016000000000007500001000833888888888888899          0900000000000010000000000000000000000000000000000000000   0000000000000000000000000A9        170192957705     
0010001300094U 020000000000000000000000000000000000000000000000000000000000000000000000000000000000000000000000000000000000000000000000002612201600000000            000000000000000                              000                           
0010001300095T 020180230000001544772 29577050056031423   788888888888889926122016000000000007500001008338888888888888899          0900000000000010000000000000000000000000000000000000000   0000000000000000000000000A9        170192957705     
0010001300096U 020000000000000000000000000000000000000000000000000000000000000000000000000000000000000000000000000000000000000000000000002612201600000000            000000000000000                              000                           
0010001300097T 020180230000001544772 29577050057050048   78888888888888992512201600000000000750000103049X888888888888899          0900000000000010000000000000000000000000000000000000000   0000000000000000000000000A9        170192957705     
0010001300098U 020000000000000000000000000000000000000000000000000000000000000000000000000000000000000000000000000000000000000000000000002612201600000000            000000000000000                              000                           
0010001300099T 020180230000001544772 29577050057139142   788888888888889925122016000000000007500001004782888888888888899          0900000000000010000000000000000000000000000000000000000   0000000000000000000000000A9        170192957705     
0010001300100U 020000000000000000000000000000000000000000000000000000000000000000000000000000000000000000000000000000000000000000000000002612201600000000            000000000000000                              000                           
0010001300101T 020180230000001544772 29577050057207936   788888888888889925122016000000000007500001004782888888888888899          0900000000000010000000000000000000000000000000000000000   0000000000000000000000000A9        170192957705     
0010001300102U 020000000000000000000000000000000000000000000000000000000000000000000000000000000000000000000000000000000000000000000000002612201600000000            000000000000000                              000                           
0010001300103T 020180230000001544772 29577050057324741   788888888888889925122016000000000007500001012416888888888888899          0900000000000010000000000000000000000000000000000000000   0000000000000000000000000A9        170192957705     
0010001300104U 020000000000000000000000000000000000000000000000000000000000000000000000000000000000000000000000000000000000000000000000002612201600000000            000000000000000                              000                           
0010001300105T 020180230000001544772 29577050057357287   788888888888889925122016000000000007500001012416888888888888899          0900000000000010000000000000000000000000000000000000000   0000000000000000000000000A9        170192957705     
0010001300106U 020000000000000000000000000000000000000000000000000000000000000000000000000000000000000000000000000000000000000000000000002612201600000000            000000000000000                              000                           
0010001300107T 020180230000001544772 29577050057545141   788888888888889926122016000000000007500001012416888888888888899          0900000000000010000000000000000000000000000000000000000   0000000000000000000000000A9        170192957705     
0010001300108U 020000000000000000000000000000000000000000000000000000000000000000000000000000000000000000000000000000000000000000000000002612201600000000            000000000000000                              000                           
0010001300109T 020180230000001544772 29577050057850626   788888888888889926122016000000000007500001012416888888888888899          0900000000000010000000000000000000000000000000000000000   0000000000000000000000000A9        170192957705     
0010001300110U 020000000000000000000000000000000000000000000000000000000000000000000000000000000000000000000000000000000000000000000000002612201600000000            000000000000000                              000                           
0010001300111T 020180230000001544772 29577050058219836   78888888888888992612201600000000000750000103049X888888888888899          0900000000000010000000000000000000000000000000000000000   0000000000000000000000000A9        170192957705     
0010001300112U 020000000000000000000000000000000000000000000000000000000000000000000000000000000000000000000000000000000000000000000000002612201600000000            000000000000000                              000                           
0010001300113T 020180230000001544772 29577050058328575   788888888888889926122016000000000010000001012211888888888888899          0900000000000010000000000000000000000000000000000000000   0000000000000000000000000A9        170192957705     
0010001300114U 020000000000000000000000000000000000000000000000000000000000000000000000000000000000000000000000000000000000000000000000002612201600000000            000000000000000                              000                           
0010001300115T 020180230000001544772 29577050058450051   788888888888889926122016000000000007500001001120888888888888899          0900000000000010000000000000000000000000000000000000000   0000000000000000000000000A9        170192957705     
0010001300116U 020000000000000000000000000000000000000000000000000000000000000000000000000000000000000000000000000000000000000000000000002612201600000000            000000000000000                              000                           
0010001300117T 020180230000001544772 29577050058526253   788888888888889926122016000000000007500001000213888888888888899          0900000000000010500000000000000000000000000000000000000   0000000000000000000000000A9A4      170192957705     
0010001300118U 020000000000000000000000000000000000000000000000000000000000000000000000000000000000000000000000000000000000000000000000002612201600000000            000000000000000                              000                           
0010001300119T 020180230000001544772 29577050058647100   788888888888889926122016000000000007500001000213888888888888899          0900000000000010500000000000000000000000000000000000000   0000000000000000000000000A9A4      170192957705     
0010001300120U 020000000000000000000000000000000000000000000000000000000000000000000000000000000000000000000000000000000000000000000000002612201600000000            000000000000000                              000                           
0010001300121T 020180230000001544772 29577050058843541   788888888888889926122016000000000010000001001864888888888888899          0900000000000010000000000000000000000000000000000000000   0000000000000000000000000A9        170192957705     
0010001300122U 020000000000000000000000000000000000000000000000000000000000000000000000000000000000000000000000000000000000000000000000002612201600000000            000000000000000                              000                           
0010001300123T 020180230000001544772 29577050059057097   78888888888888992612201600000000000750000103049X888888888888899          0900000000000010000000000000000000000000000000000000000   0000000000000000000000000A9        170192957705     
0010001300124U 020000000000000000000000000000000000000000000000000000000000000000000000000000000000000000000000000000000000000000000000002612201600000000            000000000000000                              000                           
0010001300125T 020180230000001544772 29577050059147368   78888888888888992612201600000000001000000103049X888888888888899          0900000000000010000000000000000000000000000000000000000   0000000000000000000000000A9        170192957705     
0010001300126U 020000000000000000000000000000000000000000000000000000000000000000000000000000000000000000000000000000000000000000000000002612201600000000            000000000000000                              000                           
0010001300127T 020180230000001544772 29577050059630500   78888888888888992612201600000000000750000103049X888888888888899          0900000000000010000000000000000000000000000000000000000   0000000000000000000000000A9        170192957705     
0010001300128U 020000000000000000000000000000000000000000000000000000000000000000000000000000000000000000000000000000000000000000000000002612201600000000            000000000000000                              000                           
0010001300129T 020180230000001544772 29577050059908065   788888888888889926122016000000000007500001000213888888888888899          0900000000000010500000000000000000000000000000000000000   0000000000000000000000000A9A4      170192957705     
0010001300130U 020000000000000000000000000000000000000000000000000000000000000000000000000000000000000000000000000000000000000000000000002612201600000000            000000000000000                              000                           
0010001300131T 020180230000001544772 29577050060802665   788888888888889927122016000000000007500001012416888888888888899          0900000000000010000000000000000000000000000000000000000   0000000000000000000000000A9        170192957705     
0010001300132U 020000000000000000000000000000000000000000000000000000000000000000000000000000000000000000000000000000000000000000000000002612201600000000            000000000000000                              000                           
0010001300133T 020180230000001544772 29577050060933253   788888888888889927122016000000000007500001012416888888888888899          0900000000000010000000000000000000000000000000000000000   0000000000000000000000000A9        170192957705     
0010001300134U 020000000000000000000000000000000000000000000000000000000000000000000000000000000000000000000000000000000000000000000000002612201600000000            000000000000000                              000                           
0010001300135T 020180230000001544772 29577050061538759   788888888888889927122016000000000007500001000213888888888888899          0900000000000010000000000000000000000000000000000000000   0000000000000000000000000A9        170192957705     
0010001300136U 020000000000000000000000000000000000000000000000000000000000000000000000000000000000000000000000000000000000000000000000002612201600000000            000000000000000                              000                           
0010001300137T 020180230000001544772 29577050061538935   788888888888889927122016000000000007500001000213888888888888899          0900000000000010000000000000000000000000000000000000000   0000000000000000000000000A9        170192957705     
0010001300138U 020000000000000000000000000000000000000000000000000000000000000000000000000000000000000000000000000000000000000000000000002612201600000000            000000000000000                              000                           
0010001300139T 020180230000001544772 29577050061540360   788888888888889927122016000000000007500001000213888888888888899          0900000000000010000000000000000000000000000000000000000   0000000000000000000000000A9        170192957705     
0010001300140U 020000000000000000000000000000000000000000000000000000000000000000000000000000000000000000000000000000000000000000000000002612201600000000            000000000000000                              000                           
0010001300141T 020180230000001544772 29577050061540454   788888888888889927122016000000000007500001000213888888888888899          0900000000000010000000000000000000000000000000000000000   0000000000000000000000000A9        170192957705     
0010001300142U 020000000000000000000000000000000000000000000000000000000000000000000000000000000000000000000000000000000000000000000000002612201600000000            000000000000000                              000                           
0010001300143T 020180230000001544772 29577050061540967   788888888888889927122016000000000007500001000213888888888888899          0900000000000010000000000000000000000000000000000000000   0000000000000000000000000A9        170192957705     
0010001300144U 020000000000000000000000000000000000000000000000000000000000000000000000000000000000000000000000000000000000000000000000002612201600000000            000000000000000                              000                           
0010001300145T 020180230000001544772 29577050061639699   78888888888888992712201600000000000750000103049X888888888888899          0900000000000010000000000000000000000000000000000000000   0000000000000000000000000A9        170192957705     
0010001300146U 020000000000000000000000000000000000000000000000000000000000000000000000000000000000000000000000000000000000000000000000002612201600000000            000000000000000                              000                           
0010001300147T 020180230000001544772 29577050061857399   788888888888889927122016000000000007500001000213888888888888899          0900000000000010000000000000000000000000000000000000000   0000000000000000000000000A9        170192957705     
0010001300148U 020000000000000000000000000000000000000000000000000000000000000000000000000000000000000000000000000000000000000000000000002612201600000000            000000000000000                              000                           
0010001300149T 170180230000001544772 29577050043302182   7               00000000000000000010000104033700                         0900000000000010000000000000000000000000000000000000000   000000000000000000000070003        170192957705     
0010001300150U 170000000000000000000000000000000000000000000000000000000000000000000000100000000000000093000000000000000000000000000000002612201627122016            000000000000000                              000                           
0010001300151T 170180230000001544772 29577050044857345   7               00000000000000000007500021002080                         0900000000000010000000000000000000000000000000000000000   000000000000000000000070003        170192957705     
0010001300152U 170000000000000000000000000000000000000000000000000000000000000000000000075000000000000068000000000000000000000000000000002612201627122016            000000000000000                              000                           
0010001300153T 060180230000001544772 29577050054741219   788888888888889926122016000000000007500033045950888888888888899          0900000000000010000000000000000000000000000000000000000   000000000000000000000029000        170192957705     
0010001300154U 060000000000000000000000000000000000000000000000000000000000000000000000075000000000000072100000000000000000000000000000002612201627122016            000000000000000                              000                           
0010001300155T 060180230000001544772 29577050055556211   788888888888889925122016000000000007500104020420888888888888899          0900000000000010000000000000000000000000000000000000000   000000000000000000000029000        170192957705     
0010001300156U 060000000000000000000000000000000000000000000000000000000000000000000000075000000000000072100000000000000000000000000000002612201627122016            000000000000000                              000                           
0010001300157T 060180230000001544772 29577050061540967   788888888888889927122016000000000007500104025030888888888888899          0900000000000010000000000000000000000000000000000000000   000000000000000000000029000        170192957705     
0010001300158U 060000000000000000000000000000000000000000000000000000000000000000000000075000000000000072100000000000000000000000000000002612201627122016            000000000000000                              000                           
0010001300159T 170180230000001544772 29577050065909967   7               00000000000000000010000104008810                         0900000000000010000000000000000000000000000000000000000   000000000000000000000070003        170192957705     
0010001300160U 170000000000000000000000000000000000000000000000000000000000000000000000100000000000000093000000000000000000000000000000002612201627122016            000000000000000                              000                           
0010001300161T 170180230000001544772 29577050066101460   7               00000000000000000007500001030848                         0900000000000010000000000000000000000000000000000000000   000000000000000000000070003        170192957705     
0010001300162U 170000000000000000000000000000000000000000000000000000000000000000000000075000000000000068000000000000000000000000000000002612201627122016            000000000000000                              000                           
0010001300163T 030180230000001544772 29577050028715981   78888888888888992512201600000000001000000100000 888888888888899          0900000000000000000000000000000000000000000000000000000   000000000000000000000000052        170192957705     
0010001300164U 030000000000000000000000000000000000000000000000000000000000000000000000000000000000000000000000000000000000000000000000002312201600000000            000000000000000                              000                           
0010001300165T 030180230000001544772 29577050046949284   78888888888888992512201600000000000750000100000 888888888888899          0900000000000000000000000000000000000000000000000000000   000000000000000000000000052        170192957705     
0010001300166U 030000000000000000000000000000000000000000000000000000000000000000000000000000000000000000000000000000000000000000000000002312201600000000            000000000000000                              000                           
0010001300167T 030180230000001544772 29577050048521714   78888888888888992512201600000000001000000100000 888888888888899          0900000000000000000000000000000000000000000000000000000   000000000000000000000000052        170192957705     
0010001300168U 030000000000000000000000000000000000000000000000000000000000000000000000000000000000000000000000000000000000000000000000002312201600000000            000000000000000                              000                           
0010001300169T 030180230000001544772 29577050056108670   18888888888888992512201600000000000750000100000 888888888888899          0900000000000000000000000000000000000000000000000000000   000000000000000000000000046        000002957705     
0010001300170U 030000000000000000000000000000000000000000000000000000000000000000000000000000000000000000000000000000000000000000000000002612201600000000            000000000000000                              000                           
00100015         000172000201000000000015765000000000000000000000000000000000000000000000000000000000000000000000000000000000000000000000000000000                                                                                              
00199999         000001000174000000                                                                                                                                                            00000000000000000000000000000                    
