00100000         2247745860001000029577050014       0180230000001544772 INSTITUTO DE SELECAO E TECNOLOBANCO DO BRASIL                         22712201601293300002403000000515122941PROCESSAMEN                                                 
00100011T0100020 20247745860001000029577050014       0180230000001544772 INSTITUTO DE SELECAO E TECNOLO                                                                                000000002712201600000000  000000000                      
0010001300001T 020180230000001544772 29577050011309777   788888888888889929122016000000000007500001012408888888888888899          0900000000000010500000000000000000000000000000000000000   0000000000000000000000000A9A4      170192957705     
0010001300002U 020000000000000000000000000000000000000000000000000000000000000000000000000000000000000000000000000000000000000000000000002712201600000000            000000000000000                              000                           
0010001300003T 020180230000001544772 29577050011310441   788888888888889929122016000000000007500001012408888888888888899          0900000000000010500000000000000000000000000000000000000   0000000000000000000000000A9A4      170192957705     
0010001300004U 020000000000000000000000000000000000000000000000000000000000000000000000000000000000000000000000000000000000000000000000002712201600000000            000000000000000                              000                           
0010001300005T 020180230000001544772 29577050032315061   788888888888889929122016000000000007500001012408888888888888899          0900000000000010000000000000000000000000000000000000000   0000000000000000000000000A9        170192957705     
0010001300006U 020000000000000000000000000000000000000000000000000000000000000000000000000000000000000000000000000000000000000000000000002712201600000000            000000000000000                              000                           
0010001300007T 020180230000001544772 29577050058316928   788888888888889929122016000000000010000001012211888888888888899          0900000000000010000000000000000000000000000000000000000   0000000000000000000000000A9        170192957705     
0010001300008U 020000000000000000000000000000000000000000000000000000000000000000000000000000000000000000000000000000000000000000000000002712201600000000            000000000000000                              000                           
0010001300009T 020180230000001544772 29577050059107610   78888888888888992912201600000000001000000103049X888888888888899          0900000000000010000000000000000000000000000000000000000   0000000000000000000000000A9        170192957705     
0010001300010U 020000000000000000000000000000000000000000000000000000000000000000000000000000000000000000000000000000000000000000000000002712201600000000            000000000000000                              000                           
0010001300011T 020180230000001544772 29577050059238199   788888888888889929122016000000000007500001012408888888888888899          0900000000000010000000000000000000000000000000000000000   0000000000000000000000000A9        170192957705     
0010001300012U 020000000000000000000000000000000000000000000000000000000000000000000000000000000000000000000000000000000000000000000000002712201600000000            000000000000000                              000                           
0010001300013T 020180230000001544772 29577050066129026   788888888888889929122016000000000007500001000213888888888888899          0900000000000010000000000000000000000000000000000000000   0000000000000000000000000A9        170192957705     
0010001300014U 020000000000000000000000000000000000000000000000000000000000000000000000000000000000000000000000000000000000000000000000002712201600000000            000000000000000                              000                           
0010001300015T 020180230000001544772 29577050072229947   788888888888889929122016000000000007500001012408888888888888899          0900000000000010000000000000000000000000000000000000000   0000000000000000000000000A9        170192957705     
0010001300016U 020000000000000000000000000000000000000000000000000000000000000000000000000000000000000000000000000000000000000000000000002712201600000000            000000000000000                              000                           
0010001300017T 020180230000001544772 29577050072244559   788888888888889929122016000000000007500001012408888888888888899          0900000000000010000000000000000000000000000000000000000   0000000000000000000000000A9        170192957705     
0010001300018U 020000000000000000000000000000000000000000000000000000000000000000000000000000000000000000000000000000000000000000000000002712201600000000            000000000000000                              000                           
0010001300019T 020180230000001544772 29577050081405142   788888888888889929122016000000000007500001012408888888888888899          0900000000000010000000000000000000000000000000000000000   0000000000000000000000000A9        170192957705     
0010001300020U 020000000000000000000000000000000000000000000000000000000000000000000000000000000000000000000000000000000000000000000000002712201600000000            000000000000000                              000                           
0010001300021T 020180230000001544772 29577050081740598   78888888888888992912201600000000000750000103049X888888888888899          0900000000000010000000000000000000000000000000000000000   0000000000000000000000000A9        170192957705     
0010001300022U 020000000000000000000000000000000000000000000000000000000000000000000000000000000000000000000000000000000000000000000000002712201600000000            000000000000000                              000                           
0010001300023T 020180230000001544772 29577050081834764   788888888888889929122016000000000007500001003166888888888888899          0900000000000010000000000000000000000000000000000000000   0000000000000000000000000A9        170192957705     
0010001300024U 020000000000000000000000000000000000000000000000000000000000000000000000000000000000000000000000000000000000000000000000002712201600000000            000000000000000                              000                           
0010001300025T 020180230000001544772 29577050082207732   788888888888889929122016000000000007500001012416888888888888899          0900000000000010000000000000000000000000000000000000000   0000000000000000000000000A9        170192957705     
0010001300026U 020000000000000000000000000000000000000000000000000000000000000000000000000000000000000000000000000000000000000000000000002712201600000000            000000000000000                              000                           
0010001300027T 020180230000001544772 29577050082304527   788888888888889929122016000000000007500001004782888888888888899          0900000000000010000000000000000000000000000000000000000   0000000000000000000000000A9        170192957705     
0010001300028U 020000000000000000000000000000000000000000000000000000000000000000000000000000000000000000000000000000000000000000000000002712201600000000            000000000000000                              000                           
0010001300029T 020180230000001544772 29577050082452738   788888888888889929122016000000000007500001004782888888888888899          0900000000000010000000000000000000000000000000000000000   0000000000000000000000000A9        170192957705     
0010001300030U 020000000000000000000000000000000000000000000000000000000000000000000000000000000000000000000000000000000000000000000000002712201600000000            000000000000000                              000                           
0010001300031T 020180230000001544772 29577050082555805   788888888888889929122016000000000007500001004782888888888888899          0900000000000010000000000000000000000000000000000000000   0000000000000000000000000A9        170192957705     
0010001300032U 020000000000000000000000000000000000000000000000000000000000000000000000000000000000000000000000000000000000000000000000002712201600000000            000000000000000                              000                           
0010001300033T 020180230000001544772 29577050082740753   788888888888889929122016000000000007500001012408888888888888899          0900000000000010000000000000000000000000000000000000000   0000000000000000000000000A9        170192957705     
0010001300034U 020000000000000000000000000000000000000000000000000000000000000000000000000000000000000000000000000000000000000000000000002712201600000000            000000000000000                              000                           
0010001300035T 020180230000001544772 29577050083158448   78888888888888992912201600000000000750000103049X888888888888899          0900000000000010000000000000000000000000000000000000000   0000000000000000000000000A9        170192957705     
0010001300036U 020000000000000000000000000000000000000000000000000000000000000000000000000000000000000000000000000000000000000000000000002712201600000000            000000000000000                              000                           
0010001300037T 020180230000001544772 29577050083431454   788888888888889929122016000000000007500001012416888888888888899          0900000000000010000000000000000000000000000000000000000   0000000000000000000000000A9        170192957705     
0010001300038U 020000000000000000000000000000000000000000000000000000000000000000000000000000000000000000000000000000000000000000000000002712201600000000            000000000000000                              000                           
0010001300039T 020180230000001544772 29577050083611037   788888888888889929122016000000000007500001004782888888888888899          0900000000000010000000000000000000000000000000000000000   0000000000000000000000000A9        170192957705     
0010001300040U 020000000000000000000000000000000000000000000000000000000000000000000000000000000000000000000000000000000000000000000000002712201600000000            000000000000000                              000                           
0010001300041T 020180230000001544772 29577050083713078   788888888888889929122016000000000007500001012408888888888888899          0900000000000010000000000000000000000000000000000000000   0000000000000000000000000A9        170192957705     
0010001300042U 020000000000000000000000000000000000000000000000000000000000000000000000000000000000000000000000000000000000000000000000002712201600000000            000000000000000                              000                           
0010001300043T 020180230000001544772 29577050083852318   788888888888889929122016000000000007500001012408888888888888899          0900000000000010000000000000000000000000000000000000000   0000000000000000000000000A9        170192957705     
0010001300044U 020000000000000000000000000000000000000000000000000000000000000000000000000000000000000000000000000000000000000000000000002712201600000000            000000000000000                              000                           
0010001300045T 020180230000001544772 29577050083921967   788888888888889929122016000000000007500001012408888888888888899          0900000000000010000000000000000000000000000000000000000   0000000000000000000000000A9        170192957705     
0010001300046U 020000000000000000000000000000000000000000000000000000000000000000000000000000000000000000000000000000000000000000000000002712201600000000            000000000000000                              000                           
0010001300047T 020180230000001544772 29577050084001751   788888888888889929122016000000000007500001012408888888888888899          0900000000000010000000000000000000000000000000000000000   0000000000000000000000000A9        170192957705     
0010001300048U 020000000000000000000000000000000000000000000000000000000000000000000000000000000000000000000000000000000000000000000000002712201600000000            000000000000000                              000                           
0010001300049T 020180230000001544772 29577050084137497   78888888888888992912201600000000000750000100829X888888888888899          0900000000000010000000000000000000000000000000000000000   0000000000000000000000000A9        170192957705     
0010001300050U 020000000000000000000000000000000000000000000000000000000000000000000000000000000000000000000000000000000000000000000000002712201600000000            000000000000000                              000                           
0010001300051T 020180230000001544772 29577050084204392   788888888888889929122016000000000007500001000213888888888888899          0900000000000010000000000000000000000000000000000000000   0000000000000000000000000A9        170192957705     
0010001300052U 020000000000000000000000000000000000000000000000000000000000000000000000000000000000000000000000000000000000000000000000002712201600000000            000000000000000                              000                           
0010001300053T 020180230000001544772 29577050084350796   788888888888889929122016000000000010000001012408888888888888899          0900000000000010000000000000000000000000000000000000000   0000000000000000000000000A9        170192957705     
0010001300054U 020000000000000000000000000000000000000000000000000000000000000000000000000000000000000000000000000000000000000000000000002712201600000000            000000000000000                              000                           
0010001300055T 020180230000001544772 29577050084357451   788888888888889929122016000000000010000001012408888888888888899          0900000000000010000000000000000000000000000000000000000   0000000000000000000000000A9        170192957705     
0010001300056U 020000000000000000000000000000000000000000000000000000000000000000000000000000000000000000000000000000000000000000000000002712201600000000            000000000000000                              000                           
0010001300057T 020180230000001544772 29577050084458296   78888888888888992912201600000000000750000103049X888888888888899          0900000000000010000000000000000000000000000000000000000   0000000000000000000000000A9        170192957705     
0010001300058U 020000000000000000000000000000000000000000000000000000000000000000000000000000000000000000000000000000000000000000000000002712201600000000            000000000000000                              000                           
0010001300059T 020180230000001544772 29577050084459318   78888888888888992912201600000000000750000103049X888888888888899          0900000000000010000000000000000000000000000000000000000   0000000000000000000000000A9        170192957705     
0010001300060U 020000000000000000000000000000000000000000000000000000000000000000000000000000000000000000000000000000000000000000000000002712201600000000            000000000000000                              000                           
0010001300061T 020180230000001544772 29577050084522186   788888888888889929122016000000000007500001012408888888888888899          0900000000000010500000000000000000000000000000000000000   0000000000000000000000000A9A4      170192957705     
0010001300062U 020000000000000000000000000000000000000000000000000000000000000000000000000000000000000000000000000000000000000000000000002712201600000000            000000000000000                              000                           
0010001300063T 020180230000001544772 29577050084626829   788888888888889929122016000000000007500001012408888888888888899          0900000000000010000000000000000000000000000000000000000   0000000000000000000000000A9        170192957705     
0010001300064U 020000000000000000000000000000000000000000000000000000000000000000000000000000000000000000000000000000000000000000000000002712201600000000            000000000000000                              000                           
0010001300065T 020180230000001544772 29577050084752876   788888888888889929122016000000000007500001000213888888888888899          0900000000000010000000000000000000000000000000000000000   0000000000000000000000000A9        170192957705     
0010001300066U 020000000000000000000000000000000000000000000000000000000000000000000000000000000000000000000000000000000000000000000000002712201600000000            000000000000000                              000                           
0010001300067T 020180230000001544772 29577050084927316   78888888888888992912201600000000000750000103049X888888888888899          0900000000000010000000000000000000000000000000000000000   0000000000000000000000000A9        170192957705     
0010001300068U 020000000000000000000000000000000000000000000000000000000000000000000000000000000000000000000000000000000000000000000000002712201600000000            000000000000000                              000                           
0010001300069T 020180230000001544772 29577050085015734   78888888888888992912201600000000000750000103049X888888888888899          0900000000000010000000000000000000000000000000000000000   0000000000000000000000000A9        170192957705     
0010001300070U 020000000000000000000000000000000000000000000000000000000000000000000000000000000000000000000000000000000000000000000000002712201600000000            000000000000000                              000                           
0010001300071T 020180230000001544772 29577050085102522   788888888888889929122016000000000007500001004782888888888888899          0900000000000010000000000000000000000000000000000000000   0000000000000000000000000A9        170192957705     
0010001300072U 020000000000000000000000000000000000000000000000000000000000000000000000000000000000000000000000000000000000000000000000002712201600000000            000000000000000                              000                           
0010001300073T 020180230000001544772 29577050085356837   788888888888889929122016000000000007500001012416888888888888899          0900000000000010000000000000000000000000000000000000000   0000000000000000000000000A9        170192957705     
0010001300074U 020000000000000000000000000000000000000000000000000000000000000000000000000000000000000000000000000000000000000000000000002712201600000000            000000000000000                              000                           
0010001300075T 020180230000001544772 29577050085526166   788888888888889929122016000000000007500001000213888888888888899          0900000000000010000000000000000000000000000000000000000   0000000000000000000000000A9        170192957705     
0010001300076U 020000000000000000000000000000000000000000000000000000000000000000000000000000000000000000000000000000000000000000000000002712201600000000            000000000000000                              000                           
0010001300077T 020180230000001544772 29577050085639161   788888888888889929122016000000000010000001000833888888888888899          0900000000000010000000000000000000000000000000000000000   0000000000000000000000000A9        170192957705     
0010001300078U 020000000000000000000000000000000000000000000000000000000000000000000000000000000000000000000000000000000000000000000000002712201600000000            000000000000000                              000                           
0010001300079T 020180230000001544772 29577050085729204   788888888888889929122016000000000007500001012408888888888888899          0900000000000010000000000000000000000000000000000000000   0000000000000000000000000A9        170192957705     
0010001300080U 020000000000000000000000000000000000000000000000000000000000000000000000000000000000000000000000000000000000000000000000002712201600000000            000000000000000                              000                           
0010001300081T 020180230000001544772 29577050085837827   78888888888888992912201600000000000750000103049X888888888888899          0900000000000010000000000000000000000000000000000000000   0000000000000000000000000A9        170192957705     
0010001300082U 020000000000000000000000000000000000000000000000000000000000000000000000000000000000000000000000000000000000000000000000002712201600000000            000000000000000                              000                           
0010001300083T 020180230000001544772 29577050085917129   788888888888889929122016000000000007500001012416888888888888899          0900000000000010000000000000000000000000000000000000000   0000000000000000000000000A9        170192957705     
0010001300084U 020000000000000000000000000000000000000000000000000000000000000000000000000000000000000000000000000000000000000000000000002712201600000000            000000000000000                              000                           
0010001300085T 020180230000001544772 29577050086005491   788888888888889929122016000000000007500001012416888888888888899          0900000000000010000000000000000000000000000000000000000   0000000000000000000000000A9        170192957705     
0010001300086U 020000000000000000000000000000000000000000000000000000000000000000000000000000000000000000000000000000000000000000000000002712201600000000            000000000000000                              000                           
0010001300087T 020180230000001544772 29577050086123506   788888888888889929122016000000000007500001004782888888888888899          0900000000000010000000000000000000000000000000000000000   0000000000000000000000000A9        170192957705     
0010001300088U 020000000000000000000000000000000000000000000000000000000000000000000000000000000000000000000000000000000000000000000000002712201600000000            000000000000000                              000                           
0010001300089T 020180230000001544772 29577050086217033   788888888888889929122016000000000007500001012408888888888888899          0900000000000010000000000000000000000000000000000000000   0000000000000000000000000A9        170192957705     
0010001300090U 020000000000000000000000000000000000000000000000000000000000000000000000000000000000000000000000000000000000000000000000002712201600000000            000000000000000                              000                           
0010001300091T 020180230000001544772 29577050086442532   78888888888888992912201600000000000750000100829X888888888888899          0900000000000010000000000000000000000000000000000000000   0000000000000000000000000A9        170192957705     
0010001300092U 020000000000000000000000000000000000000000000000000000000000000000000000000000000000000000000000000000000000000000000000002712201600000000            000000000000000                              000                           
0010001300093T 020180230000001544772 29577050086559735   78888888888888992912201600000000001000000103049X888888888888899          0900000000000010000000000000000000000000000000000000000   0000000000000000000000000A9        170192957705     
0010001300094U 020000000000000000000000000000000000000000000000000000000000000000000000000000000000000000000000000000000000000000000000002712201600000000            000000000000000                              000                           
0010001300095T 020180230000001544772 29577050086630951   788888888888889929122016000000000007500001013005888888888888899          0900000000000010000000000000000000000000000000000000000   0000000000000000000000000A9        170192957705     
0010001300096U 020000000000000000000000000000000000000000000000000000000000000000000000000000000000000000000000000000000000000000000000002712201600000000            000000000000000                              000                           
0010001300097T 020180230000001544772 29577050086712848   788888888888889929122016000000000007500001000213888888888888899          0900000000000010000000000000000000000000000000000000000   0000000000000000000000000A9        170192957705     
0010001300098U 020000000000000000000000000000000000000000000000000000000000000000000000000000000000000000000000000000000000000000000000002712201600000000            000000000000000                              000                           
0010001300099T 020180230000001544772 29577050086912773   788888888888889929122016000000000007500001000213888888888888899          0900000000000010000000000000000000000000000000000000000   0000000000000000000000000A9        170192957705     
0010001300100U 020000000000000000000000000000000000000000000000000000000000000000000000000000000000000000000000000000000000000000000000002712201600000000            000000000000000                              000                           
0010001300101T 020180230000001544772 29577050087023952   788888888888889929122016000000000007500001012408888888888888899          0900000000000010000000000000000000000000000000000000000   0000000000000000000000000A9        170192957705     
0010001300102U 020000000000000000000000000000000000000000000000000000000000000000000000000000000000000000000000000000000000000000000000002712201600000000            000000000000000                              000                           
0010001300103T 020180230000001544772 29577050087116085   788888888888889929122016000000000007500001012408888888888888899          0900000000000010000000000000000000000000000000000000000   0000000000000000000000000A9        170192957705     
0010001300104U 020000000000000000000000000000000000000000000000000000000000000000000000000000000000000000000000000000000000000000000000002712201600000000            000000000000000                              000                           
0010001300105T 020180230000001544772 29577050087210743   788888888888889929122016000000000007500001012408888888888888899          0900000000000010000000000000000000000000000000000000000   0000000000000000000000000A9        170192957705     
0010001300106U 020000000000000000000000000000000000000000000000000000000000000000000000000000000000000000000000000000000000000000000000002712201600000000            000000000000000                              000                           
0010001300107T 020180230000001544772 29577050087306951   788888888888889929122016000000000007500001030864888888888888899          0900000000000010000000000000000000000000000000000000000   0000000000000000000000000A9        170192957705     
0010001300108U 020000000000000000000000000000000000000000000000000000000000000000000000000000000000000000000000000000000000000000000000002712201600000000            000000000000000                              000                           
0010001300109T 020180230000001544772 29577050087400498   788888888888889929122016000000000007500001014389888888888888899          0900000000000010500000000000000000000000000000000000000   0000000000000000000000000A9A4      170192957705     
0010001300110U 020000000000000000000000000000000000000000000000000000000000000000000000000000000000000000000000000000000000000000000000002712201600000000            000000000000000                              000                           
0010001300111T 020180230000001544772 29577050087554254   78888888888888992912201600000000000750000103049X888888888888899          0900000000000010000000000000000000000000000000000000000   0000000000000000000000000A9        170192957705     
0010001300112U 020000000000000000000000000000000000000000000000000000000000000000000000000000000000000000000000000000000000000000000000002712201600000000            000000000000000                              000                           
0010001300113T 020180230000001544772 29577050087625822   788888888888889929122016000000000007500001012408888888888888899          0900000000000010000000000000000000000000000000000000000   0000000000000000000000000A9        170192957705     
0010001300114U 020000000000000000000000000000000000000000000000000000000000000000000000000000000000000000000000000000000000000000000000002712201600000000            000000000000000                              000                           
0010001300115T 020180230000001544772 29577050087949186   788888888888889929122016000000000007500001012416888888888888899          0900000000000010000000000000000000000000000000000000000   0000000000000000000000000A9        170192957705     
0010001300116U 020000000000000000000000000000000000000000000000000000000000000000000000000000000000000000000000000000000000000000000000002712201600000000            000000000000000                              000                           
0010001300117T 020180230000001544772 29577050088041011   78888888888888992912201600000000000750000103049X888888888888899          0900000000000010500000000000000000000000000000000000000   0000000000000000000000000A9A4      170192957705     
0010001300118U 020000000000000000000000000000000000000000000000000000000000000000000000000000000000000000000000000000000000000000000000002712201600000000            000000000000000                              000                           
0010001300119T 170180230000001544772 29577050066644931   7               00000000000000000010000104025210                         0900000000000010000000000000000000000000000000000000000   000000000000000000000070003        170192957705     
0010001300120U 170000000000000000000000000000000000000000000000000000000000000000000000100000000000000093000000000000000000000000000000002712201628122016            000000000000000                              000                           
0010001300121T 170180230000001544772 29577050066719946   7               00000000000000000007500104025210                         0900000000000010000000000000000000000000000000000000000   000000000000000000000070003        170192957705     
0010001300122U 170000000000000000000000000000000000000000000000000000000000000000000000075000000000000068000000000000000000000000000000002712201628122016            000000000000000                              000                           
0010001300123T 170180230000001544772 29577050069414183   7               0000000000000000000750000103049X                         0900000000000010000000000000000000000000000000000000000   000000000000000000000070003        170192957705     
0010001300124U 170000000000000000000000000000000000000000000000000000000000000000000000075000000000000068000000000000000000000000000000002712201628122016            000000000000000                              000                           
0010001300125T 060180230000001544772 29577050085729204   788888888888889929122016000000000007500021000420888888888888899          0900000000000010000000000000000000000000000000000000000   000000000000000000000029000        170192957705     
0010001300126U 060000000000000000000000000000000000000000000000000000000000000000000000075000000000000072100000000000000000000000000000002712201628122016            000000000000000                              000                           
00100015         000128000259000000000020265000000000000000000000000000000000000000000000000000000000000000000000000000000000000000000000000000000                                                                                              
00199999         000001000130000000                                                                                                                                                            00000000000000000000000000000                    
