00100000         2247745860001000029577050014       0180230000001544772 INSTITUTO DE SELECAO E TECNOLOBANCO DO BRASIL                         22912201601150400002803000000515122941PROCESSAMEN                                                 
00100011T0100020 20247745860001000029577050014       0180230000001544772 INSTITUTO DE SELECAO E TECNOLO                                                                                000000002912201600000000  000000000                      
0010001300001T 020180230000001544772 29577050017809041   78888888888888993112201600000000000750000103049X888888888888899          0900000000000010000000000000000000000000000000000000000   0000000000000000000000000A9        170192957705     
0010001300002U 020000000000000000000000000000000000000000000000000000000000000000000000000000000000000000000000000000000000000000000000002912201600000000            000000000000000                              000                           
0010001300003T 020180230000001544772 29577050021145422   788888888888889931122016000000000007500001012416888888888888899          0900000000000010000000000000000000000000000000000000000   0000000000000000000000000A9        170192957705     
0010001300004U 020000000000000000000000000000000000000000000000000000000000000000000000000000000000000000000000000000000000000000000000002912201600000000            000000000000000                              000                           
0010001300005T 020180230000001544772 29577050021411303   788888888888889931122016000000000007500001012416888888888888899          0900000000000010000000000000000000000000000000000000000   0000000000000000000000000A9        170192957705     
0010001300006U 020000000000000000000000000000000000000000000000000000000000000000000000000000000000000000000000000000000000000000000000002912201600000000            000000000000000                              000                           
0010001300007T 020180230000001544772 29577050058533165   788888888888889931122016000000000007500001000213888888888888899          0900000000000010500000000000000000000000000000000000000   0000000000000000000000000A9A4      170192957705     
0010001300008U 020000000000000000000000000000000000000000000000000000000000000000000000000000000000000000000000000000000000000000000000002912201600000000            000000000000000                              000                           
0010001300009T 020180230000001544772 29577050077402459   78888888888888993112201600000000000750000103049X888888888888899          0900000000000010000000000000000000000000000000000000000   0000000000000000000000000A9        170192957705     
0010001300010U 020000000000000000000000000000000000000000000000000000000000000000000000000000000000000000000000000000000000000000000000002912201600000000            000000000000000                              000                           
0010001300011T 020180230000001544772 29577050080859688   788888888888889931122016000000000007500001004782888888888888899          0900000000000010000000000000000000000000000000000000000   0000000000000000000000000A9        170192957705     
0010001300012U 020000000000000000000000000000000000000000000000000000000000000000000000000000000000000000000000000000000000000000000000002912201600000000            000000000000000                              000                           
0010001300013T 020180230000001544772 29577050089907312   788888888888889931122016000000000007500001004782888888888888899          0900000000000010000000000000000000000000000000000000000   0000000000000000000000000A9        170192957705     
0010001300014U 020000000000000000000000000000000000000000000000000000000000000000000000000000000000000000000000000000000000000000000000002912201600000000            000000000000000                              000                           
0010001300015T 020180230000001544772 29577050103804333   78888888888888993112201600000000000750000103049X888888888888899          0900000000000010000000000000000000000000000000000000000   0000000000000000000000000A9        170192957705     
0010001300016U 020000000000000000000000000000000000000000000000000000000000000000000000000000000000000000000000000000000000000000000000002912201600000000            000000000000000                              000                           
0010001300017T 020180230000001544772 29577050103840919   78888888888888993112201600000000000750000103049X888888888888899          0900000000000010000000000000000000000000000000000000000   0000000000000000000000000A9        170192957705     
0010001300018U 020000000000000000000000000000000000000000000000000000000000000000000000000000000000000000000000000000000000000000000000002912201600000000            000000000000000                              000                           
0010001300019T 020180230000001544772 29577050103943509   788888888888889931122016000000000007500001014389888888888888899          0900000000000010000000000000000000000000000000000000000   0000000000000000000000000A9        170192957705     
0010001300020U 020000000000000000000000000000000000000000000000000000000000000000000000000000000000000000000000000000000000000000000000002912201600000000            000000000000000                              000                           
0010001300021T 020180230000001544772 29577050103954657   788888888888889931122016000000000007500001014389888888888888899          0900000000000010000000000000000000000000000000000000000   0000000000000000000000000A9        170192957705     
0010001300022U 020000000000000000000000000000000000000000000000000000000000000000000000000000000000000000000000000000000000000000000000002912201600000000            000000000000000                              000                           
0010001300023T 020180230000001544772 29577050104146510   788888888888889931122016000000000007500001012416888888888888899          0900000000000010000000000000000000000000000000000000000   0000000000000000000000000A9        170192957705     
0010001300024U 020000000000000000000000000000000000000000000000000000000000000000000000000000000000000000000000000000000000000000000000002912201600000000            000000000000000                              000                           
0010001300025T 020180230000001544772 29577050104227908   788888888888889931122016000000000007500001014389888888888888899          0900000000000010000000000000000000000000000000000000000   0000000000000000000000000A9        170192957705     
0010001300026U 020000000000000000000000000000000000000000000000000000000000000000000000000000000000000000000000000000000000000000000000002912201600000000            000000000000000                              000                           
0010001300027T 020180230000001544772 29577050104343620   788888888888889931122016000000000007500001000213888888888888899          0900000000000010000000000000000000000000000000000000000   0000000000000000000000000A9        170192957705     
0010001300028U 020000000000000000000000000000000000000000000000000000000000000000000000000000000000000000000000000000000000000000000000002912201600000000            000000000000000                              000                           
0010001300029T 020180230000001544772 29577050104758072   788888888888889931122016000000000007500001002224888888888888899          0900000000000010000000000000000000000000000000000000000   0000000000000000000000000A9        170192957705     
0010001300030U 020000000000000000000000000000000000000000000000000000000000000000000000000000000000000000000000000000000000000000000000002912201600000000            000000000000000                              000                           
0010001300031T 020180230000001544772 29577050104811074   788888888888889931122016000000000007500001007617888888888888899          0900000000000010000000000000000000000000000000000000000   0000000000000000000000000A9        170192957705     
0010001300032U 020000000000000000000000000000000000000000000000000000000000000000000000000000000000000000000000000000000000000000000000002912201600000000            000000000000000                              000                           
0010001300033T 020180230000001544772 29577050105037620   788888888888889931122016000000000007500001012416888888888888899          0900000000000010000000000000000000000000000000000000000   0000000000000000000000000A9        170192957705     
0010001300034U 020000000000000000000000000000000000000000000000000000000000000000000000000000000000000000000000000000000000000000000000002912201600000000            000000000000000                              000                           
0010001300035T 020180230000001544772 29577050105114594   788888888888889931122016000000000007500001000833888888888888899          0900000000000010000000000000000000000000000000000000000   0000000000000000000000000A9        170192957705     
0010001300036U 020000000000000000000000000000000000000000000000000000000000000000000000000000000000000000000000000000000000000000000000002912201600000000            000000000000000                              000                           
0010001300037T 020180230000001544772 29577050105446887   788888888888889931122016000000000007500001000833888888888888899          0900000000000010000000000000000000000000000000000000000   0000000000000000000000000A9        170192957705     
0010001300038U 020000000000000000000000000000000000000000000000000000000000000000000000000000000000000000000000000000000000000000000000002912201600000000            000000000000000                              000                           
0010001300039T 020180230000001544772 29577050105551145   78888888888888993112201600000000000750000103049X888888888888899          0900000000000010000000000000000000000000000000000000000   0000000000000000000000000A9        170192957705     
0010001300040U 020000000000000000000000000000000000000000000000000000000000000000000000000000000000000000000000000000000000000000000000002912201600000000            000000000000000                              000                           
0010001300041T 020180230000001544772 29577050105606089   788888888888889931122016000000000007500001000213888888888888899          0900000000000010000000000000000000000000000000000000000   0000000000000000000000000A9        170192957705     
0010001300042U 020000000000000000000000000000000000000000000000000000000000000000000000000000000000000000000000000000000000000000000000002912201600000000            000000000000000                              000                           
0010001300043T 020180230000001544772 29577050105726839   788888888888889931122016000000000007500001000213888888888888899          0900000000000010000000000000000000000000000000000000000   0000000000000000000000000A9        170192957705     
0010001300044U 020000000000000000000000000000000000000000000000000000000000000000000000000000000000000000000000000000000000000000000000002912201600000000            000000000000000                              000                           
0010001300045T 020180230000001544772 29577050105837420   788888888888889931122016000000000007500001000213888888888888899          0900000000000010000000000000000000000000000000000000000   0000000000000000000000000A9        170192957705     
0010001300046U 020000000000000000000000000000000000000000000000000000000000000000000000000000000000000000000000000000000000000000000000002912201600000000            000000000000000                              000                           
0010001300047T 020180230000001544772 29577050106117251   788888888888889931122016000000000007500001001120888888888888899          0900000000000010000000000000000000000000000000000000000   0000000000000000000000000A9        170192957705     
0010001300048U 020000000000000000000000000000000000000000000000000000000000000000000000000000000000000000000000000000000000000000000000002912201600000000            000000000000000                              000                           
0010001300049T 020180230000001544772 29577050106251248   78888888888888993112201600000000000750000103049X888888888888899          0900000000000010000000000000000000000000000000000000000   0000000000000000000000000A9        170192957705     
0010001300050U 020000000000000000000000000000000000000000000000000000000000000000000000000000000000000000000000000000000000000000000000002912201600000000            000000000000000                              000                           
0010001300051T 020180230000001544772 29577050106349991   78888888888888993112201600000000000750000103049X888888888888899          0900000000000010500000000000000000000000000000000000000   0000000000000000000000000A9A4      170192957705     
0010001300052U 020000000000000000000000000000000000000000000000000000000000000000000000000000000000000000000000000000000000000000000000002912201600000000            000000000000000                              000                           
0010001300053T 020180230000001544772 29577050106439358   788888888888889931122016000000000007500001001120888888888888899          0900000000000010000000000000000000000000000000000000000   0000000000000000000000000A9        170192957705     
0010001300054U 020000000000000000000000000000000000000000000000000000000000000000000000000000000000000000000000000000000000000000000000002912201600000000            000000000000000                              000                           
0010001300055T 020180230000001544772 29577050106552468   788888888888889931122016000000000007500001012408888888888888899          0900000000000010500000000000000000000000000000000000000   0000000000000000000000000A9A4      170192957705     
0010001300056U 020000000000000000000000000000000000000000000000000000000000000000000000000000000000000000000000000000000000000000000000002912201600000000            000000000000000                              000                           
0010001300057T 020180230000001544772 29577050106625966   788888888888889931122016000000000007500001003654888888888888899          0900000000000010000000000000000000000000000000000000000   0000000000000000000000000A9        170192957705     
0010001300058U 020000000000000000000000000000000000000000000000000000000000000000000000000000000000000000000000000000000000000000000000002912201600000000            000000000000000                              000                           
0010001300059T 020180230000001544772 29577050106706230   788888888888889931122016000000000007500001012408888888888888899          0900000000000010000000000000000000000000000000000000000   0000000000000000000000000A9        170192957705     
0010001300060U 020000000000000000000000000000000000000000000000000000000000000000000000000000000000000000000000000000000000000000000000002912201600000000            000000000000000                              000                           
0010001300061T 020180230000001544772 29577050106827782   788888888888889931122016000000000007500001000213888888888888899          0900000000000010000000000000000000000000000000000000000   0000000000000000000000000A9        170192957705     
0010001300062U 020000000000000000000000000000000000000000000000000000000000000000000000000000000000000000000000000000000000000000000000002912201600000000            000000000000000                              000                           
0010001300063T 020180230000001544772 29577050106959343   788888888888889931122016000000000007500001012416888888888888899          0900000000000010000000000000000000000000000000000000000   0000000000000000000000000A9        170192957705     
0010001300064U 020000000000000000000000000000000000000000000000000000000000000000000000000000000000000000000000000000000000000000000000002912201600000000            000000000000000                              000                           
0010001300065T 020180230000001544772 29577050107023642   788888888888889931122016000000000007500001012408888888888888899          0900000000000010000000000000000000000000000000000000000   0000000000000000000000000A9        170192957705     
0010001300066U 020000000000000000000000000000000000000000000000000000000000000000000000000000000000000000000000000000000000000000000000002912201600000000            000000000000000                              000                           
0010001300067T 020180230000001544772 29577050107156128   788888888888889931122016000000000007500001012408888888888888899          0900000000000010000000000000000000000000000000000000000   0000000000000000000000000A9        170192957705     
0010001300068U 020000000000000000000000000000000000000000000000000000000000000000000000000000000000000000000000000000000000000000000000002912201600000000            000000000000000                              000                           
0010001300069T 020180230000001544772 29577050107238183   788888888888889931122016000000000007500001000213888888888888899          0900000000000010000000000000000000000000000000000000000   0000000000000000000000000A9        170192957705     
0010001300070U 020000000000000000000000000000000000000000000000000000000000000000000000000000000000000000000000000000000000000000000000002912201600000000            000000000000000                              000                           
0010001300071T 020180230000001544772 29577050107442596   78888888888888993112201600000000000750000103049X888888888888899          0900000000000010000000000000000000000000000000000000000   0000000000000000000000000A9        170192957705     
0010001300072U 020000000000000000000000000000000000000000000000000000000000000000000000000000000000000000000000000000000000000000000000002912201600000000            000000000000000                              000                           
0010001300073T 020180230000001544772 29577050107541579   788888888888889931122016000000000007500001012408888888888888899          0900000000000010000000000000000000000000000000000000000   0000000000000000000000000A9        170192957705     
0010001300074U 020000000000000000000000000000000000000000000000000000000000000000000000000000000000000000000000000000000000000000000000002912201600000000            000000000000000                              000                           
0010001300075T 020180230000001544772 29577050107613394   788888888888889931122016000000000010000001012408888888888888899          0900000000000010000000000000000000000000000000000000000   0000000000000000000000000A9        170192957705     
0010001300076U 020000000000000000000000000000000000000000000000000000000000000000000000000000000000000000000000000000000000000000000000002912201600000000            000000000000000                              000                           
0010001300077T 020180230000001544772 29577050107748993   788888888888889931122016000000000007500001012408888888888888899          0900000000000010500000000000000000000000000000000000000   0000000000000000000000000A9A4      170192957705     
0010001300078U 020000000000000000000000000000000000000000000000000000000000000000000000000000000000000000000000000000000000000000000000002912201600000000            000000000000000                              000                           
0010001300079T 020180230000001544772 29577050107801601   78888888888888993112201600000000000750000103049X888888888888899          0900000000000010000000000000000000000000000000000000000   0000000000000000000000000A9        170192957705     
0010001300080U 020000000000000000000000000000000000000000000000000000000000000000000000000000000000000000000000000000000000000000000000002912201600000000            000000000000000                              000                           
0010001300081T 020180230000001544772 29577050107816461   78888888888888993112201600000000000750000103049X888888888888899          0900000000000010000000000000000000000000000000000000000   0000000000000000000000000A9        170192957705     
0010001300082U 020000000000000000000000000000000000000000000000000000000000000000000000000000000000000000000000000000000000000000000000002912201600000000            000000000000000                              000                           
0010001300083T 020180230000001544772 29577050107936559   788888888888889931122016000000000007500001000213888888888888899          0900000000000010000000000000000000000000000000000000000   0000000000000000000000000A9        170192957705     
0010001300084U 020000000000000000000000000000000000000000000000000000000000000000000000000000000000000000000000000000000000000000000000002912201600000000            000000000000000                              000                           
0010001300085T 020180230000001544772 29577050108014361   788888888888889931122016000000000010000001001120888888888888899          0900000000000010000000000000000000000000000000000000000   0000000000000000000000000A9        170192957705     
0010001300086U 020000000000000000000000000000000000000000000000000000000000000000000000000000000000000000000000000000000000000000000000002912201600000000            000000000000000                              000                           
0010001300087T 020180230000001544772 29577050108101793   788888888888889931122016000000000007500001000833888888888888899          0900000000000010000000000000000000000000000000000000000   0000000000000000000000000A9        170192957705     
0010001300088U 020000000000000000000000000000000000000000000000000000000000000000000000000000000000000000000000000000000000000000000000002912201600000000            000000000000000                              000                           
0010001300089T 020180230000001544772 29577050108232298   788888888888889931122016000000000007500001012416888888888888899          0900000000000010000000000000000000000000000000000000000   0000000000000000000000000A9        170192957705     
0010001300090U 020000000000000000000000000000000000000000000000000000000000000000000000000000000000000000000000000000000000000000000000002912201600000000            000000000000000                              000                           
0010001300091T 020180230000001544772 29577050108240660   788888888888889931122016000000000007500001012416888888888888899          0900000000000010000000000000000000000000000000000000000   0000000000000000000000000A9        170192957705     
0010001300092U 020000000000000000000000000000000000000000000000000000000000000000000000000000000000000000000000000000000000000000000000002912201600000000            000000000000000                              000                           
0010001300093T 020180230000001544772 29577050108322200   788888888888889931122016000000000007500001012408888888888888899          0900000000000010500000000000000000000000000000000000000   0000000000000000000000000A9A4      170192957705     
0010001300094U 020000000000000000000000000000000000000000000000000000000000000000000000000000000000000000000000000000000000000000000000002912201600000000            000000000000000                              000                           
0010001300095T 020180230000001544772 29577050108357017   788888888888889931122016000000000007500001012408888888888888899          0900000000000010500000000000000000000000000000000000000   0000000000000000000000000A9A4      170192957705     
0010001300096U 020000000000000000000000000000000000000000000000000000000000000000000000000000000000000000000000000000000000000000000000002912201600000000            000000000000000                              000                           
0010001300097T 020180230000001544772 29577050108435391   788888888888889931122016000000000007500001000833888888888888899          0900000000000010000000000000000000000000000000000000000   0000000000000000000000000A9        170192957705     
0010001300098U 020000000000000000000000000000000000000000000000000000000000000000000000000000000000000000000000000000000000000000000000002912201600000000            000000000000000                              000                           
0010001300099T 020180230000001544772 29577050108517420   788888888888889931122016000000000007500001012408888888888888899          0900000000000010000000000000000000000000000000000000000   0000000000000000000000000A9        170192957705     
0010001300100U 020000000000000000000000000000000000000000000000000000000000000000000000000000000000000000000000000000000000000000000000002912201600000000            000000000000000                              000                           
0010001300101T 020180230000001544772 29577050108740113   788888888888889931122016000000000007500001004782888888888888899          0900000000000010000000000000000000000000000000000000000   0000000000000000000000000A9        170192957705     
0010001300102U 020000000000000000000000000000000000000000000000000000000000000000000000000000000000000000000000000000000000000000000000002912201600000000            000000000000000                              000                           
0010001300103T 020180230000001544772 29577050108808236   788888888888889931122016000000000007500001000833888888888888899          0900000000000010000000000000000000000000000000000000000   0000000000000000000000000A9        170192957705     
0010001300104U 020000000000000000000000000000000000000000000000000000000000000000000000000000000000000000000000000000000000000000000000002912201600000000            000000000000000                              000                           
0010001300105T 020180230000001544772 29577050108912065   788888888888889931122016000000000007500001036951888888888888899          0900000000000010000000000000000000000000000000000000000   0000000000000000000000000A9        170192957705     
0010001300106U 020000000000000000000000000000000000000000000000000000000000000000000000000000000000000000000000000000000000000000000000002912201600000000            000000000000000                              000                           
0010001300107T 020180230000001544772 29577050109309420   788888888888889931122016000000000007500001000051888888888888899          0900000000000010000000000000000000000000000000000000000   0000000000000000000000000A9        170192957705     
0010001300108U 020000000000000000000000000000000000000000000000000000000000000000000000000000000000000000000000000000000000000000000000002912201600000000            000000000000000                              000                           
0010001300109T 020180230000001544772 29577050109443579   788888888888889931122016000000000007500001000051888888888888899          0900000000000010000000000000000000000000000000000000000   0000000000000000000000000A9        170192957705     
0010001300110U 020000000000000000000000000000000000000000000000000000000000000000000000000000000000000000000000000000000000000000000000002912201600000000            000000000000000                              000                           
0010001300111T 060180230000001544772 29577050059107610   788888888888889929122016000000000010000001031933888888888888899          0900000000000010000000000000000000000000000000000000000   000000000000000000000029000        170192957705     
0010001300112U 060000000000000000000000000000000000000000000000000000000000000000000000100000000000000097100000000000000000000000000000002912201630122016            000000000000000                              000                           
0010001300113T 170180230000001544772 29577050074229349   7               00000000000000000007500001078069                         0900000000000010000000000000000000000000000000000000000   000000000000000000000070003        170192957705     
0010001300114U 170000000000000000000000000000000000000000000000000000000000000000000000075000000000000068000000000000000000000000000000002912201630122016            000000000000000                              000                           
0010001300115T 060180230000001544772 29577050077402459   788888888888889931122016000000000007500001029211888888888888899          0900000000000010000000000000000000000000000000000000000   000000000000000000000029000        170192957705     
0010001300116U 060000000000000000000000000000000000000000000000000000000000000000000000075000000000000072100000000000000000000000000000002912201630122016            000000000000000                              000                           
0010001300117T 060180230000001544772 29577050083431454   788888888888889929122016000000000007500001034363888888888888899          0900000000000010000000000000000000000000000000000000000   000000000000000000000029000        170192957705     
0010001300118U 060000000000000000000000000000000000000000000000000000000000000000000000075000000000000072100000000000000000000000000000002912201630122016            000000000000000                              000                           
0010001300119T 170180230000001544772 29577050092350681   7               00000000000000000007500033045950                         0900000000000010000000000000000000000000000000000000000   000000000000000000000070003        170192957705     
0010001300120U 170000000000000000000000000000000000000000000000000000000000000000000000075000000000000068000000000000000000000000000000002912201630122016            000000000000000                              000                           
0010001300121T 170180230000001544772 29577050093020004   7               00000000000000000007500104030840                         0900000000000010000000000000000000000000000000000000000   000000000000000000000070003        170192957705     
0010001300122U 170000000000000000000000000000000000000000000000000000000000000000000000075000000000000068000000000000000000000000000000002912201630122016            000000000000000                              000                           
0010001300123T 170180230000001544772 29577050097909192   7               00000000000000000007500237031740                         0900000000000010000000000000000000000000000000000000000   000000000000000000000070003        170192957705     
0010001300124U 170000000000000000000000000000000000000000000000000000000000000000000000075000000000000068000000000000000000000000000000002912201630122016            000000000000000                              000                           
0010001300125T 170180230000001544772 29577050098111700   7               00000000000000000007500237031740                         0900000000000010000000000000000000000000000000000000000   000000000000000000000070003        170192957705     
0010001300126U 170000000000000000000000000000000000000000000000000000000000000000000000075000000000000068000000000000000000000000000000002912201630122016            000000000000000                              000                           
0010001300127T 060180230000001544772 29577050108322200   788888888888889931122016000000000007500021001150888888888888899          0900000000000010000000000000000000000000000000000000000   000000000000000000000029000        170192957705     
0010001300128U 060000000000000000000000000000000000000000000000000000000000000000000000075000000000000072100000000000000000000000000000002912201630122016            000000000000000                              000                           
00100015         000130000351000000000027240000000000000000000000000000000000000000000000000000000000000000000000000000000000000000000000000000000                                                                                              
00199999         000001000132000000                                                                                                                                                            00000000000000000000000000000                    
