00100000         2247745860001000029577050014       0180230000001544772 INSTITUTO DE SELECAO E TECNOLOBANCO DO BRASIL                         23012201601012100003003000000515122941PROCESSAMEN                                                 
00100011T0100020 20247745860001000029577050014       0180230000001544772 INSTITUTO DE SELECAO E TECNOLO                                                                                000000003012201600000000  000000000                      
0010001300001T 020180230000001544772 29577050027650086   78888888888888990101201700000000000750000103049X888888888888899          0900000000000010000000000000000000000000000000000000000   0000000000000000000000000A9        170192957705     
0010001300002U 020000000000000000000000000000000000000000000000000000000000000000000000000000000000000000000000000000000000000000000000003012201600000000            000000000000000                              000                           
0010001300003T 020180230000001544772 29577050047508613   788888888888889901012017000000000007500001000213888888888888899          0900000000000010500000000000000000000000000000000000000   0000000000000000000000000A9A4      170192957705     
0010001300004U 020000000000000000000000000000000000000000000000000000000000000000000000000000000000000000000000000000000000000000000000003012201600000000            000000000000000                              000                           
0010001300005T 020180230000001544772 29577050057833507   788888888888889901012017000000000007500001012416888888888888899          0900000000000010000000000000000000000000000000000000000   0000000000000000000000000A9        170192957705     
0010001300006U 020000000000000000000000000000000000000000000000000000000000000000000000000000000000000000000000000000000000000000000000003012201600000000            000000000000000                              000                           
0010001300007T 020180230000001544772 29577050068153711   788888888888889901012017000000000007500001000213888888888888899          0900000000000010000000000000000000000000000000000000000   0000000000000000000000000A9        170192957705     
0010001300008U 020000000000000000000000000000000000000000000000000000000000000000000000000000000000000000000000000000000000000000000000003012201600000000            000000000000000                              000                           
0010001300009T 020180230000001544772 29577050078739194   788888888888889901012017000000000007500001000213888888888888899          0900000000000010000000000000000000000000000000000000000   0000000000000000000000000A9        170192957705     
0010001300010U 020000000000000000000000000000000000000000000000000000000000000000000000000000000000000000000000000000000000000000000000003012201600000000            000000000000000                              000                           
0010001300011T 020180230000001544772 29577050090615435   788888888888889901012017000000000007500001000213888888888888899          0900000000000010000000000000000000000000000000000000000   0000000000000000000000000A9        170192957705     
0010001300012U 020000000000000000000000000000000000000000000000000000000000000000000000000000000000000000000000000000000000000000000000003012201600000000            000000000000000                              000                           
0010001300013T 020180230000001544772 29577050109744366   788888888888889901012017000000000010000001001120888888888888899          0900000000000010000000000000000000000000000000000000000   0000000000000000000000000A9        170192957705     
0010001300014U 020000000000000000000000000000000000000000000000000000000000000000000000000000000000000000000000000000000000000000000000003012201600000000            000000000000000                              000                           
0010001300015T 020180230000001544772 29577050109829642   788888888888889901012017000000000007500001000833888888888888899          0900000000000010000000000000000000000000000000000000000   0000000000000000000000000A9        170192957705     
0010001300016U 020000000000000000000000000000000000000000000000000000000000000000000000000000000000000000000000000000000000000000000000003012201600000000            000000000000000                              000                           
0010001300017T 020180230000001544772 29577050109831874   788888888888889901012017000000000007500001000833888888888888899          0900000000000010000000000000000000000000000000000000000   0000000000000000000000000A9        170192957705     
0010001300018U 020000000000000000000000000000000000000000000000000000000000000000000000000000000000000000000000000000000000000000000000003012201600000000            000000000000000                              000                           
0010001300019T 020180230000001544772 29577050109845478   788888888888889901012017000000000007500001000833888888888888899          0900000000000010000000000000000000000000000000000000000   0000000000000000000000000A9        170192957705     
0010001300020U 020000000000000000000000000000000000000000000000000000000000000000000000000000000000000000000000000000000000000000000000003012201600000000            000000000000000                              000                           
0010001300021T 020180230000001544772 29577050109849945   788888888888889901012017000000000007500001000833888888888888899          0900000000000010000000000000000000000000000000000000000   0000000000000000000000000A9        170192957705     
0010001300022U 020000000000000000000000000000000000000000000000000000000000000000000000000000000000000000000000000000000000000000000000003012201600000000            000000000000000                              000                           
0010001300023T 020180230000001544772 29577050110006167   788888888888889901012017000000000007500001000213888888888888899          0900000000000010000000000000000000000000000000000000000   0000000000000000000000000A9        170192957705     
0010001300024U 020000000000000000000000000000000000000000000000000000000000000000000000000000000000000000000000000000000000000000000000003012201600000000            000000000000000                              000                           
0010001300025T 020180230000001544772 29577050110019474   788888888888889901012017000000000007500001000213888888888888899          0900000000000010000000000000000000000000000000000000000   0000000000000000000000000A9        170192957705     
0010001300026U 020000000000000000000000000000000000000000000000000000000000000000000000000000000000000000000000000000000000000000000000003012201600000000            000000000000000                              000                           
0010001300027T 020180230000001544772 29577050110026022   788888888888889901012017000000000007500001000213888888888888899          0900000000000010000000000000000000000000000000000000000   0000000000000000000000000A9        170192957705     
0010001300028U 020000000000000000000000000000000000000000000000000000000000000000000000000000000000000000000000000000000000000000000000003012201600000000            000000000000000                              000                           
0010001300029T 020180230000001544772 29577050110033624   788888888888889901012017000000000007500001000213888888888888899          0900000000000010000000000000000000000000000000000000000   0000000000000000000000000A9        170192957705     
0010001300030U 020000000000000000000000000000000000000000000000000000000000000000000000000000000000000000000000000000000000000000000000003012201600000000            000000000000000                              000                           
0010001300031T 020180230000001544772 29577050110103771   788888888888889901012017000000000007500001000833888888888888899          0900000000000010000000000000000000000000000000000000000   0000000000000000000000000A9        170192957705     
0010001300032U 020000000000000000000000000000000000000000000000000000000000000000000000000000000000000000000000000000000000000000000000003012201600000000            000000000000000                              000                           
0010001300033T 020180230000001544772 29577050110241057   78888888888888990101201700000000000750000103049X888888888888899          0900000000000010500000000000000000000000000000000000000   0000000000000000000000000A9A4      170192957705     
0010001300034U 020000000000000000000000000000000000000000000000000000000000000000000000000000000000000000000000000000000000000000000000003012201600000000            000000000000000                              000                           
0010001300035T 020180230000001544772 29577050110309485   78888888888888990101201700000000000750000103049X888888888888899          0900000000000010000000000000000000000000000000000000000   0000000000000000000000000A9        170192957705     
0010001300036U 020000000000000000000000000000000000000000000000000000000000000000000000000000000000000000000000000000000000000000000000003012201600000000            000000000000000                              000                           
0010001300037T 020180230000001544772 29577050110449646   78888888888888990101201700000000000750000103049X888888888888899          0900000000000010500000000000000000000000000000000000000   0000000000000000000000000A9A4      170192957705     
0010001300038U 020000000000000000000000000000000000000000000000000000000000000000000000000000000000000000000000000000000000000000000000003012201600000000            000000000000000                              000                           
0010001300039T 020180230000001544772 29577050110549626   788888888888889901012017000000000007500001012416888888888888899          0900000000000010000000000000000000000000000000000000000   0000000000000000000000000A9        170192957705     
0010001300040U 020000000000000000000000000000000000000000000000000000000000000000000000000000000000000000000000000000000000000000000000003012201600000000            000000000000000                              000                           
0010001300041T 020180230000001544772 29577050110611014   788888888888889901012017000000000007500001045799888888888888899          0900000000000010000000000000000000000000000000000000000   0000000000000000000000000A9        170192957705     
0010001300042U 020000000000000000000000000000000000000000000000000000000000000000000000000000000000000000000000000000000000000000000000003012201600000000            000000000000000                              000                           
0010001300043T 020180230000001544772 29577050110734825   788888888888889901012017000000000007500001012416888888888888899          0900000000000010000000000000000000000000000000000000000   0000000000000000000000000A9        170192957705     
0010001300044U 020000000000000000000000000000000000000000000000000000000000000000000000000000000000000000000000000000000000000000000000003012201600000000            000000000000000                              000                           
0010001300045T 020180230000001544772 29577050110735888   788888888888889901012017000000000007500001012416888888888888899          0900000000000010000000000000000000000000000000000000000   0000000000000000000000000A9        170192957705     
0010001300046U 020000000000000000000000000000000000000000000000000000000000000000000000000000000000000000000000000000000000000000000000003012201600000000            000000000000000                              000                           
0010001300047T 020180230000001544772 29577050110906439   78888888888888990101201700000000000750000103049X888888888888899          0900000000000010000000000000000000000000000000000000000   0000000000000000000000000A9        170192957705     
0010001300048U 020000000000000000000000000000000000000000000000000000000000000000000000000000000000000000000000000000000000000000000000003012201600000000            000000000000000                              000                           
0010001300049T 020180230000001544772 29577050111029471   788888888888889901012017000000000010000001000213888888888888899          0900000000000010000000000000000000000000000000000000000   0000000000000000000000000A9        170192957705     
0010001300050U 020000000000000000000000000000000000000000000000000000000000000000000000000000000000000000000000000000000000000000000000003012201600000000            000000000000000                              000                           
0010001300051T 020180230000001544772 29577050111246663   788888888888889901012017000000000007500001012408888888888888899          0900000000000010000000000000000000000000000000000000000   0000000000000000000000000A9        170192957705     
0010001300052U 020000000000000000000000000000000000000000000000000000000000000000000000000000000000000000000000000000000000000000000000003012201600000000            000000000000000                              000                           
0010001300053T 020180230000001544772 29577050111324046   78888888888888990101201700000000000750000103049X888888888888899          0900000000000010000000000000000000000000000000000000000   0000000000000000000000000A9        170192957705     
0010001300054U 020000000000000000000000000000000000000000000000000000000000000000000000000000000000000000000000000000000000000000000000003012201600000000            000000000000000                              000                           
0010001300055T 020180230000001544772 29577050111410245   78888888888888990101201700000000000750000103049X888888888888899          0900000000000010000000000000000000000000000000000000000   0000000000000000000000000A9        170192957705     
0010001300056U 020000000000000000000000000000000000000000000000000000000000000000000000000000000000000000000000000000000000000000000000003012201600000000            000000000000000                              000                           
0010001300057T 020180230000001544772 29577050111514677   788888888888889901012017000000000007500001012408888888888888899          0900000000000010000000000000000000000000000000000000000   0000000000000000000000000A9        170192957705     
0010001300058U 020000000000000000000000000000000000000000000000000000000000000000000000000000000000000000000000000000000000000000000000003012201600000000            000000000000000                              000                           
0010001300059T 020180230000001544772 29577050111616983   788888888888889901012017000000000007500001004782888888888888899          0900000000000010000000000000000000000000000000000000000   0000000000000000000000000A9        170192957705     
0010001300060U 020000000000000000000000000000000000000000000000000000000000000000000000000000000000000000000000000000000000000000000000003012201600000000            000000000000000                              000                           
0010001300061T 020180230000001544772 29577050111701400   788888888888889901012017000000000007500001012408888888888888899          0900000000000010000000000000000000000000000000000000000   0000000000000000000000000A9        170192957705     
0010001300062U 020000000000000000000000000000000000000000000000000000000000000000000000000000000000000000000000000000000000000000000000003012201600000000            000000000000000                              000                           
0010001300063T 020180230000001544772 29577050111738851   788888888888889901012017000000000007500001012408888888888888899          0900000000000010000000000000000000000000000000000000000   0000000000000000000000000A9        170192957705     
0010001300064U 020000000000000000000000000000000000000000000000000000000000000000000000000000000000000000000000000000000000000000000000003012201600000000            000000000000000                              000                           
0010001300065T 020180230000001544772 29577050111745659   788888888888889901012017000000000007500001012408888888888888899          0900000000000010000000000000000000000000000000000000000   0000000000000000000000000A9        170192957705     
0010001300066U 020000000000000000000000000000000000000000000000000000000000000000000000000000000000000000000000000000000000000000000000003012201600000000            000000000000000                              000                           
0010001300067T 020180230000001544772 29577050111750464   788888888888889901012017000000000007500001012408888888888888899          0900000000000010000000000000000000000000000000000000000   0000000000000000000000000A9        170192957705     
0010001300068U 020000000000000000000000000000000000000000000000000000000000000000000000000000000000000000000000000000000000000000000000003012201600000000            000000000000000                              000                           
0010001300069T 020180230000001544772 29577050111757803   788888888888889901012017000000000007500001012408888888888888899          0900000000000010000000000000000000000000000000000000000   0000000000000000000000000A9        170192957705     
0010001300070U 020000000000000000000000000000000000000000000000000000000000000000000000000000000000000000000000000000000000000000000000003012201600000000            000000000000000                              000                           
0010001300071T 020180230000001544772 29577050111905140   788888888888889901012017000000000007500001012408888888888888899          0900000000000010000000000000000000000000000000000000000   0000000000000000000000000A9        170192957705     
0010001300072U 020000000000000000000000000000000000000000000000000000000000000000000000000000000000000000000000000000000000000000000000003012201600000000            000000000000000                              000                           
0010001300073T 020180230000001544772 29577050111908331   788888888888889901012017000000000007500001012408888888888888899          0900000000000010000000000000000000000000000000000000000   0000000000000000000000000A9        170192957705     
0010001300074U 020000000000000000000000000000000000000000000000000000000000000000000000000000000000000000000000000000000000000000000000003012201600000000            000000000000000                              000                           
0010001300075T 020180230000001544772 29577050112019612   788888888888889901012017000000000007500001012408888888888888899          0900000000000010000000000000000000000000000000000000000   0000000000000000000000000A9        170192957705     
0010001300076U 020000000000000000000000000000000000000000000000000000000000000000000000000000000000000000000000000000000000000000000000003012201600000000            000000000000000                              000                           
0010001300077T 020180230000001544772 29577050112104263   78888888888888990101201700000000000750000103049X888888888888899          0900000000000010000000000000000000000000000000000000000   0000000000000000000000000A9        170192957705     
0010001300078U 020000000000000000000000000000000000000000000000000000000000000000000000000000000000000000000000000000000000000000000000003012201600000000            000000000000000                              000                           
0010001300079T 020180230000001544772 29577050112136518   78888888888888990101201700000000000750000103049X888888888888899          0900000000000010000000000000000000000000000000000000000   0000000000000000000000000A9        170192957705     
0010001300080U 020000000000000000000000000000000000000000000000000000000000000000000000000000000000000000000000000000000000000000000000003012201600000000            000000000000000                              000                           
0010001300081T 020180230000001544772 29577050112141384   78888888888888990101201700000000000750000103049X888888888888899          0900000000000010000000000000000000000000000000000000000   0000000000000000000000000A9        170192957705     
0010001300082U 020000000000000000000000000000000000000000000000000000000000000000000000000000000000000000000000000000000000000000000000003012201600000000            000000000000000                              000                           
0010001300083T 020180230000001544772 29577050112337976   788888888888889901012017000000000007500001000833888888888888899          0900000000000010000000000000000000000000000000000000000   0000000000000000000000000A9        170192957705     
0010001300084U 020000000000000000000000000000000000000000000000000000000000000000000000000000000000000000000000000000000000000000000000003012201600000000            000000000000000                              000                           
0010001300085T 020180230000001544772 29577050112421436   78888888888888990101201700000000000750000103049X888888888888899          0900000000000010500000000000000000000000000000000000000   0000000000000000000000000A9A4      170192957705     
0010001300086U 020000000000000000000000000000000000000000000000000000000000000000000000000000000000000000000000000000000000000000000000003012201600000000            000000000000000                              000                           
0010001300087T 020180230000001544772 29577050112541596   78888888888888990101201700000000000750000103049X888888888888899          0900000000000010500000000000000000000000000000000000000   0000000000000000000000000A9A4      170192957705     
0010001300088U 020000000000000000000000000000000000000000000000000000000000000000000000000000000000000000000000000000000000000000000000003012201600000000            000000000000000                              000                           
0010001300089T 020180230000001544772 29577050112635432   78888888888888990101201700000000000750000103049X888888888888899          0900000000000010500000000000000000000000000000000000000   0000000000000000000000000A9A4      170192957705     
0010001300090U 020000000000000000000000000000000000000000000000000000000000000000000000000000000000000000000000000000000000000000000000003012201600000000            000000000000000                              000                           
0010001300091T 020180230000001544772 29577050112739618   788888888888889901012017000000000007500001012416888888888888899          0900000000000010000000000000000000000000000000000000000   0000000000000000000000000A9        170192957705     
0010001300092U 020000000000000000000000000000000000000000000000000000000000000000000000000000000000000000000000000000000000000000000000003012201600000000            000000000000000                              000                           
0010001300093T 020180230000001544772 29577050112807724   788888888888889901012017000000000007500001012416888888888888899          0900000000000010000000000000000000000000000000000000000   0000000000000000000000000A9        170192957705     
0010001300094U 020000000000000000000000000000000000000000000000000000000000000000000000000000000000000000000000000000000000000000000000003012201600000000            000000000000000                              000                           
0010001300095T 020180230000001544772 29577050112934712   788888888888889901012017000000000007500001012416888888888888899          0900000000000010000000000000000000000000000000000000000   0000000000000000000000000A9        170192957705     
0010001300096U 020000000000000000000000000000000000000000000000000000000000000000000000000000000000000000000000000000000000000000000000003012201600000000            000000000000000                              000                           
0010001300097T 020180230000001544772 29577050113135982   788888888888889901012017000000000007500001000213888888888888899          0900000000000010500000000000000000000000000000000000000   0000000000000000000000000A9A4      170192957705     
0010001300098U 020000000000000000000000000000000000000000000000000000000000000000000000000000000000000000000000000000000000000000000000003012201600000000            000000000000000                              000                           
0010001300099T 020180230000001544772 29577050113226522   788888888888889901012017000000000010000001004782888888888888899          0900000000000010000000000000000000000000000000000000000   0000000000000000000000000A9        170192957705     
0010001300100U 020000000000000000000000000000000000000000000000000000000000000000000000000000000000000000000000000000000000000000000000003012201600000000            000000000000000                              000                           
0010001300101T 020180230000001544772 29577050113448342   788888888888889901012017000000000007500001000213888888888888899          0900000000000010000000000000000000000000000000000000000   0000000000000000000000000A9        170192957705     
0010001300102U 020000000000000000000000000000000000000000000000000000000000000000000000000000000000000000000000000000000000000000000000003012201600000000            000000000000000                              000                           
0010001300103T 020180230000001544772 29577050113512188   788888888888889901012017000000000007500001000051888888888888899          0900000000000010000000000000000000000000000000000000000   0000000000000000000000000A9        170192957705     
0010001300104U 020000000000000000000000000000000000000000000000000000000000000000000000000000000000000000000000000000000000000000000000003012201600000000            000000000000000                              000                           
0010001300105T 020180230000001544772 29577050113659026   788888888888889901012017000000000007500001001864888888888888899          0900000000000010000000000000000000000000000000000000000   0000000000000000000000000A9        170192957705     
0010001300106U 020000000000000000000000000000000000000000000000000000000000000000000000000000000000000000000000000000000000000000000000003012201600000000            000000000000000                              000                           
0010001300107T 020180230000001544772 29577050113813334   78888888888888990101201700000000000750000100281X888888888888899          0900000000000010000000000000000000000000000000000000000   0000000000000000000000000A9        170192957705     
0010001300108U 020000000000000000000000000000000000000000000000000000000000000000000000000000000000000000000000000000000000000000000000003012201600000000            000000000000000                              000                           
0010001300109T 020180230000001544772 29577050113941798   78888888888888990101201700000000000750000103049X888888888888899          0900000000000010000000000000000000000000000000000000000   0000000000000000000000000A9        170192957705     
0010001300110U 020000000000000000000000000000000000000000000000000000000000000000000000000000000000000000000000000000000000000000000000003012201600000000            000000000000000                              000                           
0010001300111T 020180230000001544772 29577050114153126   788888888888889901012017000000000007500001000213888888888888899          0900000000000010000000000000000000000000000000000000000   0000000000000000000000000A9        170192957705     
0010001300112U 020000000000000000000000000000000000000000000000000000000000000000000000000000000000000000000000000000000000000000000000003012201600000000            000000000000000                              000                           
0010001300113T 020180230000001544772 29577050114253570   78888888888888990101201700000000000750000103049X888888888888899          0900000000000010000000000000000000000000000000000000000   0000000000000000000000000A9        170192957705     
0010001300114U 020000000000000000000000000000000000000000000000000000000000000000000000000000000000000000000000000000000000000000000000003012201600000000            000000000000000                              000                           
0010001300115T 020180230000001544772 29577050114353339   788888888888889901012017000000000007500001012408888888888888899          0900000000000010000000000000000000000000000000000000000   0000000000000000000000000A9        170192957705     
0010001300116U 020000000000000000000000000000000000000000000000000000000000000000000000000000000000000000000000000000000000000000000000003012201600000000            000000000000000                              000                           
00100015         000118000409000000000031665000000000000000000000000000000000000000000000000000000000000000000000000000000000000000000000000000000                                                                                              
00199999         000001000120000000                                                                                                                                                            00000000000000000000000000000                    
