00100000         2247745860001000029577050014       0180230000001544772 INSTITUTO DE SELECAO E TECNOLOBANCO DO BRASIL                         20201201702351800003203000000515122941PROCESSAMEN                                                 
00100011T0100020 20247745860001000029577050014       0180230000001544772 INSTITUTO DE SELECAO E TECNOLO                                                                                000000000201201700000000  000000000                      
0010001300001T 020180230000001544772 29577050011639231   788888888888889902012017000000000010000001000213888888888888899          0900000000000010000000000000000000000000000000000000000   0000000000000000000000000A9        170192957705     
0010001300002U 020000000000000000000000000000000000000000000000000000000000000000000000000000000000000000000000000000000000000000000000000201201700000000            000000000000000                              000                           
0010001300003T 020180230000001544772 29577050022857560   788888888888889903012017000000000007500001000213888888888888899          0900000000000010000000000000000000000000000000000000000   0000000000000000000000000A9        170192957705     
0010001300004U 020000000000000000000000000000000000000000000000000000000000000000000000000000000000000000000000000000000000000000000000000201201700000000            000000000000000                              000                           
0010001300005T 020180230000001544772 29577050023149375   788888888888889903012017000000000007500001000213888888888888899          0900000000000010000000000000000000000000000000000000000   0000000000000000000000000A9        170192957705     
0010001300006U 020000000000000000000000000000000000000000000000000000000000000000000000000000000000000000000000000000000000000000000000000201201700000000            000000000000000                              000                           
0010001300007T 020180230000001544772 29577050023313280   788888888888889903012017000000000007500001000213888888888888899          0900000000000010000000000000000000000000000000000000000   0000000000000000000000000A9        170192957705     
0010001300008U 020000000000000000000000000000000000000000000000000000000000000000000000000000000000000000000000000000000000000000000000000201201700000000            000000000000000                              000                           
0010001300009T 020180230000001544772 29577050032304675   788888888888889902012017000000000007500001012408888888888888899          0900000000000010000000000000000000000000000000000000000   0000000000000000000000000A9        170192957705     
0010001300010U 020000000000000000000000000000000000000000000000000000000000000000000000000000000000000000000000000000000000000000000000000201201700000000            000000000000000                              000                           
0010001300011T 020180230000001544772 29577050032318194   788888888888889902012017000000000007500001012408888888888888899          0900000000000010000000000000000000000000000000000000000   0000000000000000000000000A9        170192957705     
0010001300012U 020000000000000000000000000000000000000000000000000000000000000000000000000000000000000000000000000000000000000000000000000201201700000000            000000000000000                              000                           
0010001300013T 020180230000001544772 29577050032336522   788888888888889902012017000000000007500001012408888888888888899          0900000000000010000000000000000000000000000000000000000   0000000000000000000000000A9        170192957705     
0010001300014U 020000000000000000000000000000000000000000000000000000000000000000000000000000000000000000000000000000000000000000000000000201201700000000            000000000000000                              000                           
0010001300015T 020180230000001544772 29577050032341724   788888888888889902012017000000000007500001012408888888888888899          0900000000000010000000000000000000000000000000000000000   0000000000000000000000000A9        170192957705     
0010001300016U 020000000000000000000000000000000000000000000000000000000000000000000000000000000000000000000000000000000000000000000000000201201700000000            000000000000000                              000                           
0010001300017T 020180230000001544772 29577050046730301   78888888888888990201201700000000000750000103049X888888888888899          0900000000000010000000000000000000000000000000000000000   0000000000000000000000000A9        170192957705     
0010001300018U 020000000000000000000000000000000000000000000000000000000000000000000000000000000000000000000000000000000000000000000000000201201700000000            000000000000000                              000                           
0010001300019T 020180230000001544772 29577050084335972   788888888888889904012017000000000010000001012408888888888888899          0900000000000010000000000000000000000000000000000000000   0000000000000000000000000A9        170192957705     
0010001300020U 020000000000000000000000000000000000000000000000000000000000000000000000000000000000000000000000000000000000000000000000000201201700000000            000000000000000                              000                           
0010001300021T 020180230000001544772 29577050102652499   78888888888888990401201700000000000750000103049X888888888888899          0900000000000010000000000000000000000000000000000000000   0000000000000000000000000A9        170192957705     
0010001300022U 020000000000000000000000000000000000000000000000000000000000000000000000000000000000000000000000000000000000000000000000000201201700000000            000000000000000                              000                           
0010001300023T 020180230000001544772 29577050104501338   788888888888889903012017000000000007500001002224888888888888899          0900000000000010000000000000000000000000000000000000000   0000000000000000000000000A9        170192957705     
0010001300024U 020000000000000000000000000000000000000000000000000000000000000000000000000000000000000000000000000000000000000000000000000201201700000000            000000000000000                              000                           
0010001300025T 020180230000001544772 29577050111354796   78888888888888990301201700000000000750000103049X888888888888899          0900000000000010000000000000000000000000000000000000000   0000000000000000000000000A9        170192957705     
0010001300026U 020000000000000000000000000000000000000000000000000000000000000000000000000000000000000000000000000000000000000000000000000201201700000000            000000000000000                              000                           
0010001300027T 020180230000001544772 29577050114016312   788888888888889902012017000000000007500001000744888888888888899          0900000000000010000000000000000000000000000000000000000   0000000000000000000000000A9        170192957705     
0010001300028U 020000000000000000000000000000000000000000000000000000000000000000000000000000000000000000000000000000000000000000000000000201201700000000            000000000000000                              000                           
0010001300029T 020180230000001544772 29577050114120048   788888888888889903012017000000000007500001000213888888888888899          0900000000000010000000000000000000000000000000000000000   0000000000000000000000000A9        170192957705     
0010001300030U 020000000000000000000000000000000000000000000000000000000000000000000000000000000000000000000000000000000000000000000000000201201700000000            000000000000000                              000                           
0010001300031T 020180230000001544772 29577050114158167   788888888888889903012017000000000007500001000213888888888888899          0900000000000010000000000000000000000000000000000000000   0000000000000000000000000A9        170192957705     
0010001300032U 020000000000000000000000000000000000000000000000000000000000000000000000000000000000000000000000000000000000000000000000000201201700000000            000000000000000                              000                           
0010001300033T 020180230000001544772 29577050114503475   788888888888889902012017000000000007500001007854888888888888899          0900000000000010500000000000000000000000000000000000000   0000000000000000000000000A9A4      170192957705     
0010001300034U 020000000000000000000000000000000000000000000000000000000000000000000000000000000000000000000000000000000000000000000000000201201700000000            000000000000000                              000                           
0010001300035T 020180230000001544772 29577050114535039   788888888888889902012017000000000007500001007854888888888888899          0900000000000010500000000000000000000000000000000000000   0000000000000000000000000A9A4      170192957705     
0010001300036U 020000000000000000000000000000000000000000000000000000000000000000000000000000000000000000000000000000000000000000000000000201201700000000            000000000000000                              000                           
0010001300037T 020180230000001544772 29577050114549655   788888888888889902012017000000000007500001007854888888888888899          0900000000000010500000000000000000000000000000000000000   0000000000000000000000000A9A4      170192957705     
0010001300038U 020000000000000000000000000000000000000000000000000000000000000000000000000000000000000000000000000000000000000000000000000201201700000000            000000000000000                              000                           
0010001300039T 020180230000001544772 29577050114707854   788888888888889902012017000000000007500001000213888888888888899          0900000000000010000000000000000000000000000000000000000   0000000000000000000000000A9        170192957705     
0010001300040U 020000000000000000000000000000000000000000000000000000000000000000000000000000000000000000000000000000000000000000000000000201201700000000            000000000000000                              000                           
0010001300041T 020180230000001544772 29577050115017530   788888888888889902012017000000000007500001000248888888888888899          0900000000000010000000000000000000000000000000000000000   0000000000000000000000000A9        170192957705     
0010001300042U 020000000000000000000000000000000000000000000000000000000000000000000000000000000000000000000000000000000000000000000000000201201700000000            000000000000000                              000                           
0010001300043T 020180230000001544772 29577050115146773   788888888888889902012017000000000007500001046280888888888888899          0900000000000010000000000000000000000000000000000000000   0000000000000000000000000A9        170192957705     
0010001300044U 020000000000000000000000000000000000000000000000000000000000000000000000000000000000000000000000000000000000000000000000000201201700000000            000000000000000                              000                           
0010001300045T 020180230000001544772 29577050115239728   78888888888888990201201700000000000750000103049X888888888888899          0900000000000010000000000000000000000000000000000000000   0000000000000000000000000A9        170192957705     
0010001300046U 020000000000000000000000000000000000000000000000000000000000000000000000000000000000000000000000000000000000000000000000000201201700000000            000000000000000                              000                           
0010001300047T 020180230000001544772 29577050115357126   788888888888889902012017000000000007500001012408888888888888899          0900000000000010000000000000000000000000000000000000000   0000000000000000000000000A9        170192957705     
0010001300048U 020000000000000000000000000000000000000000000000000000000000000000000000000000000000000000000000000000000000000000000000000201201700000000            000000000000000                              000                           
0010001300049T 020180230000001544772 29577050115410968   788888888888889902012017000000000007500001000213888888888888899          0900000000000010000000000000000000000000000000000000000   0000000000000000000000000A9        170192957705     
0010001300050U 020000000000000000000000000000000000000000000000000000000000000000000000000000000000000000000000000000000000000000000000000201201700000000            000000000000000                              000                           
0010001300051T 020180230000001544772 29577050115605527   788888888888889902012017000000000007500001000213888888888888899          0900000000000010000000000000000000000000000000000000000   0000000000000000000000000A9        170192957705     
0010001300052U 020000000000000000000000000000000000000000000000000000000000000000000000000000000000000000000000000000000000000000000000000201201700000000            000000000000000                              000                           
0010001300053T 020180230000001544772 29577050115628905   788888888888889902012017000000000007500001000213888888888888899          0900000000000010000000000000000000000000000000000000000   0000000000000000000000000A9        170192957705     
0010001300054U 020000000000000000000000000000000000000000000000000000000000000000000000000000000000000000000000000000000000000000000000000201201700000000            000000000000000                              000                           
0010001300055T 020180230000001544772 29577050115727788   788888888888889902012017000000000007500001046280888888888888899          0900000000000010000000000000000000000000000000000000000   0000000000000000000000000A9        170192957705     
0010001300056U 020000000000000000000000000000000000000000000000000000000000000000000000000000000000000000000000000000000000000000000000000201201700000000            000000000000000                              000                           
0010001300057T 020180230000001544772 29577050115742537   788888888888889902012017000000000007500001046280888888888888899          0900000000000010000000000000000000000000000000000000000   0000000000000000000000000A9        170192957705     
0010001300058U 020000000000000000000000000000000000000000000000000000000000000000000000000000000000000000000000000000000000000000000000000201201700000000            000000000000000                              000                           
0010001300059T 020180230000001544772 29577050115855510   788888888888889902012017000000000007500001012408888888888888899          0900000000000010500000000000000000000000000000000000000   0000000000000000000000000A9A4      170192957705     
0010001300060U 020000000000000000000000000000000000000000000000000000000000000000000000000000000000000000000000000000000000000000000000000201201700000000            000000000000000                              000                           
0010001300061T 020180230000001544772 29577050115954124   788888888888889902012017000000000007500001000213888888888888899          0900000000000010000000000000000000000000000000000000000   0000000000000000000000000A9        170192957705     
0010001300062U 020000000000000000000000000000000000000000000000000000000000000000000000000000000000000000000000000000000000000000000000000201201700000000            000000000000000                              000                           
0010001300063T 020180230000001544772 29577050116032553   788888888888889902012017000000000007500001004782888888888888899          0900000000000010000000000000000000000000000000000000000   0000000000000000000000000A9        170192957705     
0010001300064U 020000000000000000000000000000000000000000000000000000000000000000000000000000000000000000000000000000000000000000000000000201201700000000            000000000000000                              000                           
0010001300065T 020180230000001544772 29577050116133764   78888888888888990201201700000000000750000103049X888888888888899          0900000000000010000000000000000000000000000000000000000   0000000000000000000000000A9        170192957705     
0010001300066U 020000000000000000000000000000000000000000000000000000000000000000000000000000000000000000000000000000000000000000000000000201201700000000            000000000000000                              000                           
0010001300067T 020180230000001544772 29577050116214129   788888888888889902012017000000000007500001000213888888888888899          0900000000000010000000000000000000000000000000000000000   0000000000000000000000000A9        170192957705     
0010001300068U 020000000000000000000000000000000000000000000000000000000000000000000000000000000000000000000000000000000000000000000000000201201700000000            000000000000000                              000                           
0010001300069T 020180230000001544772 29577050116315468   788888888888889902012017000000000007500001007021888888888888899          0900000000000010000000000000000000000000000000000000000   0000000000000000000000000A9        170192957705     
0010001300070U 020000000000000000000000000000000000000000000000000000000000000000000000000000000000000000000000000000000000000000000000000201201700000000            000000000000000                              000                           
0010001300071T 020180230000001544772 29577050116430111   788888888888889902012017000000000007500001012416888888888888899          0900000000000010000000000000000000000000000000000000000   0000000000000000000000000A9        170192957705     
0010001300072U 020000000000000000000000000000000000000000000000000000000000000000000000000000000000000000000000000000000000000000000000000201201700000000            000000000000000                              000                           
0010001300073T 020180230000001544772 29577050116527028   788888888888889902012017000000000007500001012386888888888888899          0900000000000010500000000000000000000000000000000000000   0000000000000000000000000A9A4      170192957705     
0010001300074U 020000000000000000000000000000000000000000000000000000000000000000000000000000000000000000000000000000000000000000000000000201201700000000            000000000000000                              000                           
0010001300075T 020180230000001544772 29577050116707651   788888888888889902012017000000000007500001000213888888888888899          0900000000000010000000000000000000000000000000000000000   0000000000000000000000000A9        170192957705     
0010001300076U 020000000000000000000000000000000000000000000000000000000000000000000000000000000000000000000000000000000000000000000000000201201700000000            000000000000000                              000                           
0010001300077T 020180230000001544772 29577050117152409   788888888888889902012017000000000007500001012416888888888888899          0900000000000010000000000000000000000000000000000000000   0000000000000000000000000A9        170192957705     
0010001300078U 020000000000000000000000000000000000000000000000000000000000000000000000000000000000000000000000000000000000000000000000000201201700000000            000000000000000                              000                           
0010001300079T 020180230000001544772 29577050117227502   788888888888889902012017000000000007500001001120888888888888899          0900000000000010000000000000000000000000000000000000000   0000000000000000000000000A9        170192957705     
0010001300080U 020000000000000000000000000000000000000000000000000000000000000000000000000000000000000000000000000000000000000000000000000201201700000000            000000000000000                              000                           
0010001300081T 020180230000001544772 29577050117558784   788888888888889903012017000000000007500001012416888888888888899          0900000000000010000000000000000000000000000000000000000   0000000000000000000000000A9        170192957705     
0010001300082U 020000000000000000000000000000000000000000000000000000000000000000000000000000000000000000000000000000000000000000000000000201201700000000            000000000000000                              000                           
0010001300083T 020180230000001544772 29577050117615225   788888888888889903012017000000000007500001030864888888888888899          0900000000000010000000000000000000000000000000000000000   0000000000000000000000000A9        170192957705     
0010001300084U 020000000000000000000000000000000000000000000000000000000000000000000000000000000000000000000000000000000000000000000000000201201700000000            000000000000000                              000                           
0010001300085T 020180230000001544772 29577050117836312   78888888888888990301201700000000000750000103049X888888888888899          0900000000000010000000000000000000000000000000000000000   0000000000000000000000000A9        170192957705     
0010001300086U 020000000000000000000000000000000000000000000000000000000000000000000000000000000000000000000000000000000000000000000000000201201700000000            000000000000000                              000                           
0010001300087T 020180230000001544772 29577050117958446   788888888888889903012017000000000007500001002224888888888888899          0900000000000010000000000000000000000000000000000000000   0000000000000000000000000A9        170192957705     
0010001300088U 020000000000000000000000000000000000000000000000000000000000000000000000000000000000000000000000000000000000000000000000000201201700000000            000000000000000                              000                           
0010001300089T 020180230000001544772 29577050118135171   788888888888889903012017000000000007500001046280888888888888899          0900000000000010000000000000000000000000000000000000000   0000000000000000000000000A9        170192957705     
0010001300090U 020000000000000000000000000000000000000000000000000000000000000000000000000000000000000000000000000000000000000000000000000201201700000000            000000000000000                              000                           
0010001300091T 020180230000001544772 29577050118328150   788888888888889903012017000000000007500001036889888888888888899          0900000000000010000000000000000000000000000000000000000   0000000000000000000000000A9        170192957705     
0010001300092U 020000000000000000000000000000000000000000000000000000000000000000000000000000000000000000000000000000000000000000000000000201201700000000            000000000000000                              000                           
0010001300093T 020180230000001544772 29577050118433082   788888888888889903012017000000000007500001002097888888888888899          0900000000000010000000000000000000000000000000000000000   0000000000000000000000000A9        170192957705     
0010001300094U 020000000000000000000000000000000000000000000000000000000000000000000000000000000000000000000000000000000000000000000000000201201700000000            000000000000000                              000                           
0010001300095T 020180230000001544772 29577050118546625   788888888888889903012017000000000010000001000833888888888888899          0900000000000010000000000000000000000000000000000000000   0000000000000000000000000A9        170192957705     
0010001300096U 020000000000000000000000000000000000000000000000000000000000000000000000000000000000000000000000000000000000000000000000000201201700000000            000000000000000                              000                           
0010001300097T 020180230000001544772 29577050118554777   788888888888889903012017000000000010000001000833888888888888899          0900000000000010000000000000000000000000000000000000000   0000000000000000000000000A9        170192957705     
0010001300098U 020000000000000000000000000000000000000000000000000000000000000000000000000000000000000000000000000000000000000000000000000201201700000000            000000000000000                              000                           
0010001300099T 020180230000001544772 29577050118634184   788888888888889903012017000000000007500001012416888888888888899          0900000000000010000000000000000000000000000000000000000   0000000000000000000000000A9        170192957705     
0010001300100U 020000000000000000000000000000000000000000000000000000000000000000000000000000000000000000000000000000000000000000000000000201201700000000            000000000000000                              000                           
0010001300101T 020180230000001544772 29577050118940198   788888888888889903012017000000000007500001012416888888888888899          0900000000000010000000000000000000000000000000000000000   0000000000000000000000000A9        170192957705     
0010001300102U 020000000000000000000000000000000000000000000000000000000000000000000000000000000000000000000000000000000000000000000000000201201700000000            000000000000000                              000                           
0010001300103T 020180230000001544772 29577050119229536   788888888888889903012017000000000007500001012416888888888888899          0900000000000010000000000000000000000000000000000000000   0000000000000000000000000A9        170192957705     
0010001300104U 020000000000000000000000000000000000000000000000000000000000000000000000000000000000000000000000000000000000000000000000000201201700000000            000000000000000                              000                           
0010001300105T 020180230000001544772 29577050119247068   788888888888889903012017000000000007500001012416888888888888899          0900000000000010000000000000000000000000000000000000000   0000000000000000000000000A9        170192957705     
0010001300106U 020000000000000000000000000000000000000000000000000000000000000000000000000000000000000000000000000000000000000000000000000201201700000000            000000000000000                              000                           
0010001300107T 020180230000001544772 29577050119314891   788888888888889903012017000000000007500001012416888888888888899          0900000000000010000000000000000000000000000000000000000   0000000000000000000000000A9        170192957705     
0010001300108U 020000000000000000000000000000000000000000000000000000000000000000000000000000000000000000000000000000000000000000000000000201201700000000            000000000000000                              000                           
0010001300109T 020180230000001544772 29577050119328884   788888888888889903012017000000000007500001012416888888888888899          0900000000000010000000000000000000000000000000000000000   0000000000000000000000000A9        170192957705     
0010001300110U 020000000000000000000000000000000000000000000000000000000000000000000000000000000000000000000000000000000000000000000000000201201700000000            000000000000000                              000                           
0010001300111T 020180230000001544772 29577050119402449   788888888888889903012017000000000007500001000213888888888888899          0900000000000010000000000000000000000000000000000000000   0000000000000000000000000A9        170192957705     
0010001300112U 020000000000000000000000000000000000000000000000000000000000000000000000000000000000000000000000000000000000000000000000000201201700000000            000000000000000                              000                           
0010001300113T 020180230000001544772 29577050119533373   788888888888889903012017000000000007500001012408888888888888899          0900000000000010000000000000000000000000000000000000000   0000000000000000000000000A9        170192957705     
0010001300114U 020000000000000000000000000000000000000000000000000000000000000000000000000000000000000000000000000000000000000000000000000201201700000000            000000000000000                              000                           
0010001300115T 020180230000001544772 29577050119702923   788888888888889903012017000000000007500001012408888888888888899          0900000000000010000000000000000000000000000000000000000   0000000000000000000000000A9        170192957705     
0010001300116U 020000000000000000000000000000000000000000000000000000000000000000000000000000000000000000000000000000000000000000000000000201201700000000            000000000000000                              000                           
0010001300117T 020180230000001544772 29577050119823372   78888888888888990301201700000000000750000103049X888888888888899          0900000000000010000000000000000000000000000000000000000   0000000000000000000000000A9        170192957705     
0010001300118U 020000000000000000000000000000000000000000000000000000000000000000000000000000000000000000000000000000000000000000000000000201201700000000            000000000000000                              000                           
0010001300119T 020180230000001544772 29577050119950735   788888888888889903012017000000000010000001012408888888888888899          0900000000000010000000000000000000000000000000000000000   0000000000000000000000000A9        170192957705     
0010001300120U 020000000000000000000000000000000000000000000000000000000000000000000000000000000000000000000000000000000000000000000000000201201700000000            000000000000000                              000                           
0010001300121T 020180230000001544772 29577050120006746   788888888888889903012017000000000007500001000515888888888888899          0900000000000010000000000000000000000000000000000000000   0000000000000000000000000A9        170192957705     
0010001300122U 020000000000000000000000000000000000000000000000000000000000000000000000000000000000000000000000000000000000000000000000000201201700000000            000000000000000                              000                           
0010001300123T 020180230000001544772 29577050120103408   788888888888889903012017000000000010000001000213888888888888899          0900000000000010000000000000000000000000000000000000000   0000000000000000000000000A9        170192957705     
0010001300124U 020000000000000000000000000000000000000000000000000000000000000000000000000000000000000000000000000000000000000000000000000201201700000000            000000000000000                              000                           
0010001300125T 020180230000001544772 29577050120247367   788888888888889903012017000000000007500001000213888888888888899          0900000000000010000000000000000000000000000000000000000   0000000000000000000000000A9        170192957705     
0010001300126U 020000000000000000000000000000000000000000000000000000000000000000000000000000000000000000000000000000000000000000000000000201201700000000            000000000000000                              000                           
0010001300127T 020180230000001544772 29577050120533829   788888888888889903012017000000000007500001000213888888888888899          0900000000000010000000000000000000000000000000000000000   0000000000000000000000000A9        170192957705     
0010001300128U 020000000000000000000000000000000000000000000000000000000000000000000000000000000000000000000000000000000000000000000000000201201700000000            000000000000000                              000                           
0010001300129T 020180230000001544772 29577050120642460   78888888888888990301201700000000000750000103049X888888888888899          0900000000000010000000000000000000000000000000000000000   0000000000000000000000000A9        170192957705     
0010001300130U 020000000000000000000000000000000000000000000000000000000000000000000000000000000000000000000000000000000000000000000000000201201700000000            000000000000000                              000                           
0010001300131T 020180230000001544772 29577050120718633   788888888888889904012017000000000007500001000833888888888888899          0900000000000010000000000000000000000000000000000000000   0000000000000000000000000A9        170192957705     
0010001300132U 020000000000000000000000000000000000000000000000000000000000000000000000000000000000000000000000000000000000000000000000000201201700000000            000000000000000                              000                           
0010001300133T 020180230000001544772 29577050120725331   788888888888889903012017000000000007500001000833888888888888899          0900000000000010000000000000000000000000000000000000000   0000000000000000000000000A9        170192957705     
0010001300134U 020000000000000000000000000000000000000000000000000000000000000000000000000000000000000000000000000000000000000000000000000201201700000000            000000000000000                              000                           
0010001300135T 020180230000001544772 29577050120744926   788888888888889904012017000000000007500001000833888888888888899          0900000000000010000000000000000000000000000000000000000   0000000000000000000000000A9        170192957705     
0010001300136U 020000000000000000000000000000000000000000000000000000000000000000000000000000000000000000000000000000000000000000000000000201201700000000            000000000000000                              000                           
0010001300137T 020180230000001544772 29577050120744944   788888888888889903012017000000000007500001000833888888888888899          0900000000000010000000000000000000000000000000000000000   0000000000000000000000000A9        170192957705     
0010001300138U 020000000000000000000000000000000000000000000000000000000000000000000000000000000000000000000000000000000000000000000000000201201700000000            000000000000000                              000                           
0010001300139T 020180230000001544772 29577050120746635   788888888888889904012017000000000007500001000833888888888888899          0900000000000010000000000000000000000000000000000000000   0000000000000000000000000A9        170192957705     
0010001300140U 020000000000000000000000000000000000000000000000000000000000000000000000000000000000000000000000000000000000000000000000000201201700000000            000000000000000                              000                           
0010001300141T 020180230000001544772 29577050120839087   788888888888889903012017000000000007500001012408888888888888899          0900000000000010000000000000000000000000000000000000000   0000000000000000000000000A9        170192957705     
0010001300142U 020000000000000000000000000000000000000000000000000000000000000000000000000000000000000000000000000000000000000000000000000201201700000000            000000000000000                              000                           
0010001300143T 020180230000001544772 29577050120948803   788888888888889903012017000000000007500001012408888888888888899          0900000000000010000000000000000000000000000000000000000   0000000000000000000000000A9        170192957705     
0010001300144U 020000000000000000000000000000000000000000000000000000000000000000000000000000000000000000000000000000000000000000000000000201201700000000            000000000000000                              000                           
0010001300145T 020180230000001544772 29577050121033916   788888888888889903012017000000000007500001012408888888888888899          0900000000000010000000000000000000000000000000000000000   0000000000000000000000000A9        170192957705     
0010001300146U 020000000000000000000000000000000000000000000000000000000000000000000000000000000000000000000000000000000000000000000000000201201700000000            000000000000000                              000                           
0010001300147T 020180230000001544772 29577050121136899   78888888888888990401201700000000000750000103049X888888888888899          0900000000000010000000000000000000000000000000000000000   0000000000000000000000000A9        170192957705     
0010001300148U 020000000000000000000000000000000000000000000000000000000000000000000000000000000000000000000000000000000000000000000000000201201700000000            000000000000000                              000                           
0010001300149T 020180230000001544772 29577050121153523   78888888888888990401201700000000000750000103049X888888888888899          0900000000000010000000000000000000000000000000000000000   0000000000000000000000000A9        170192957705     
0010001300150U 020000000000000000000000000000000000000000000000000000000000000000000000000000000000000000000000000000000000000000000000000201201700000000            000000000000000                              000                           
0010001300151T 020180230000001544772 29577050121436068   788888888888889904012017000000000007500001010561888888888888899          0900000000000010000000000000000000000000000000000000000   0000000000000000000000000A9        170192957705     
0010001300152U 020000000000000000000000000000000000000000000000000000000000000000000000000000000000000000000000000000000000000000000000000201201700000000            000000000000000                              000                           
0010001300153T 020180230000001544772 29577050121654271   788888888888889904012017000000000007500001012416888888888888899          0900000000000010000000000000000000000000000000000000000   0000000000000000000000000A9        170192957705     
0010001300154U 020000000000000000000000000000000000000000000000000000000000000000000000000000000000000000000000000000000000000000000000000201201700000000            000000000000000                              000                           
0010001300155T 020180230000001544772 29577050121723700   788888888888889904012017000000000007500001000213888888888888899          0900000000000010000000000000000000000000000000000000000   0000000000000000000000000A9        170192957705     
0010001300156U 020000000000000000000000000000000000000000000000000000000000000000000000000000000000000000000000000000000000000000000000000201201700000000            000000000000000                              000                           
0010001300157T 020180230000001544772 29577050121855031   788888888888889904012017000000000007500001000213888888888888899          0900000000000010000000000000000000000000000000000000000   0000000000000000000000000A9        170192957705     
0010001300158U 020000000000000000000000000000000000000000000000000000000000000000000000000000000000000000000000000000000000000000000000000201201700000000            000000000000000                              000                           
0010001300159T 020180230000001544772 29577050121902723   788888888888889904012017000000000007500001012408888888888888899          0900000000000010000000000000000000000000000000000000000   0000000000000000000000000A9        170192957705     
0010001300160U 020000000000000000000000000000000000000000000000000000000000000000000000000000000000000000000000000000000000000000000000000201201700000000            000000000000000                              000                           
0010001300161T 020180230000001544772 29577050122026707   788888888888889904012017000000000007500001008060888888888888899          0900000000000010000000000000000000000000000000000000000   0000000000000000000000000A9        170192957705     
0010001300162U 020000000000000000000000000000000000000000000000000000000000000000000000000000000000000000000000000000000000000000000000000201201700000000            000000000000000                              000                           
0010001300163T 020180230000001544772 29577050122028797   788888888888889904012017000000000007500001008060888888888888899          0900000000000010000000000000000000000000000000000000000   0000000000000000000000000A9        170192957705     
0010001300164U 020000000000000000000000000000000000000000000000000000000000000000000000000000000000000000000000000000000000000000000000000201201700000000            000000000000000                              000                           
0010001300165T 020180230000001544772 29577050122258066   788888888888889904012017000000000007500001012416888888888888899          0900000000000010000000000000000000000000000000000000000   0000000000000000000000000A9        170192957705     
0010001300166U 020000000000000000000000000000000000000000000000000000000000000000000000000000000000000000000000000000000000000000000000000201201700000000            000000000000000                              000                           
0010001300167T 020180230000001544772 29577050122319552   788888888888889904012017000000000007500001000213888888888888899          0900000000000010000000000000000000000000000000000000000   0000000000000000000000000A9        170192957705     
0010001300168U 020000000000000000000000000000000000000000000000000000000000000000000000000000000000000000000000000000000000000000000000000201201700000000            000000000000000                              000                           
0010001300169T 020180230000001544772 29577050122458877   788888888888889904012017000000000010000001000213888888888888899          0900000000000010000000000000000000000000000000000000000   0000000000000000000000000A9        170192957705     
0010001300170U 020000000000000000000000000000000000000000000000000000000000000000000000000000000000000000000000000000000000000000000000000201201700000000            000000000000000                              000                           
0010001300171T 020180230000001544772 29577050122526308   788888888888889904012017000000000007500001012408888888888888899          0900000000000010000000000000000000000000000000000000000   0000000000000000000000000A9        170192957705     
0010001300172U 020000000000000000000000000000000000000000000000000000000000000000000000000000000000000000000000000000000000000000000000000201201700000000            000000000000000                              000                           
0010001300173T 020180230000001544772 29577050122527795   788888888888889904012017000000000007500001012408888888888888899          0900000000000010000000000000000000000000000000000000000   0000000000000000000000000A9        170192957705     
0010001300174U 020000000000000000000000000000000000000000000000000000000000000000000000000000000000000000000000000000000000000000000000000201201700000000            000000000000000                              000                           
0010001300175T 060180230000001544772 29577050017056983   788888888888889930122016000000000010000104005900888888888888899          0900000000000010000000000000000000000000000000000000000   000000000000000000000029000        170192957705     
0010001300176U 060000000000000000000000000000000000000000000000000000000000000000000000100000000000000097100000000000000000000000000000000201201703012017            000000000000000                              000                           
0010001300177T 170180230000001544772 29577050019151126   7               00000000000000000007500104001710                         0900000000000010000000000000000000000000000000000000000   000000000000000000000070003        170192957705     
0010001300178U 170000000000000000000000000000000000000000000000000000000000000000000000075000000000000068000000000000000000000000000000000201201703012017            000000000000000                              000                           
0010001300179T 170180230000001544772 29577050092558733   7               00000000000000000007500001018023                         0900000000000010000000000000000000000000000000000000000   000000000000000000000070003        170192957705     
0010001300180U 170000000000000000000000000000000000000000000000000000000000000000000000075000000000000068000000000000000000000000000000000201201703012017            000000000000000                              000                           
0010001300181T 060180230000001544772 29577050097539309   788888888888889930122016000000000007500104025030888888888888899          0900000000000010000000000000000000000000000000000000000   000000000000000000000029000        170192957705     
0010001300182U 060000000000000000000000000000000000000000000000000000000000000000000000075000000000000072100000000000000000000000000000000201201703012017            000000000000000                              000                           
0010001300183T 060180230000001544772 29577050098412921   788888888888889930122016000000000007500104031390888888888888899          0900000000000010000000000000000000000000000000000000000   000000000000000000000029000        170192957705     
0010001300184U 060000000000000000000000000000000000000000000000000000000000000000000000075000000000000072100000000000000000000000000000000201201703012017            000000000000000                              000                           
0010001300185T 060180230000001544772 29577050102652499   788888888888889904012017000000000007500237036750888888888888899          0900000000000010000000000000000000000000000000000000000   000000000000000000000029000        170192957705     
0010001300186U 060000000000000000000000000000000000000000000000000000000000000000000000075000000000000072100000000000000000000000000000000201201703012017            000000000000000                              000                           
0010001300187T 170180230000001544772 29577050103040108   7               00000000000000000010000001012610                         0900000000000010000000000000000000000000000000000000000   000000000000000000000070003        170192957705     
0010001300188U 170000000000000000000000000000000000000000000000000000000000000000000000100000000000000093000000000000000000000000000000000201201703012017            000000000000000                              000                           
0010001300189T 060180230000001544772 29577050103943509   788888888888889931122016000000000007500104019780888888888888899          0900000000000010000000000000000000000000000000000000000   000000000000000000000029000        170192957705     
0010001300190U 060000000000000000000000000000000000000000000000000000000000000000000000075000000000000072100000000000000000000000000000000201201703012017            000000000000000                              000                           
0010001300191T 060180230000001544772 29577050106251248   788888888888889931122016000000000007500104020410888888888888899          0900000000000010000000000000000000000000000000000000000   000000000000000000000029000        170192957705     
0010001300192U 060000000000000000000000000000000000000000000000000000000000000000000000075000000000000072100000000000000000000000000000000201201703012017            000000000000000                              000                           
0010001300193T 060180230000001544772 29577050110735888   788888888888889901012017000000000007500033038740888888888888899          0900000000000010000000000000000000000000000000000000000   000000000000000000000029000        170192957705     
0010001300194U 060000000000000000000000000000000000000000000000000000000000000000000000075000000000000072100000000000000000000000000000000201201703012017            000000000000000                              000                           
0010001300195T 060180230000001544772 29577050112019612   788888888888889901012017000000000007500104020990888888888888899          0900000000000010000000000000000000000000000000000000000   000000000000000000000029000        170192957705     
0010001300196U 060000000000000000000000000000000000000000000000000000000000000000000000075000000000000072100000000000000000000000000000000201201703012017            000000000000000                              000                           
0010001300197T 060180230000001544772 29577050113135982   788888888888889901012017000000000007500001056103888888888888899          0900000000000010000000000000000000000000000000000000000   000000000000000000000029000        170192957705     
0010001300198U 060000000000000000000000000000000000000000000000000000000000000000000000075000000000000072100000000000000000000000000000000201201703012017            000000000000000                              000                           
0010001300199T 060180230000001544772 29577050113226522   788888888888889901012017000000000010000104005550888888888888899          0900000000000010000000000000000000000000000000000000000   000000000000000000000029000        170192957705     
0010001300200U 060000000000000000000000000000000000000000000000000000000000000000000000100000000000000097100000000000000000000000000000000201201703012017            000000000000000                              000                           
0010001300201T 060180230000001544772 29577050115410968   788888888888889902012017000000000007500001004804888888888888899          0900000000000010000000000000000000000000000000000000000   000000000000000000000029000        170192957705     
0010001300202U 060000000000000000000000000000000000000000000000000000000000000000000000075000000000000072100000000000000000000000000000000201201703012017            000000000000000                              000                           
0010001300203T 060180230000001544772 29577050119702923   788888888888889903012017000000000007500104001670888888888888899          0900000000000010000000000000000000000000000000000000000   000000000000000000000029000        170192957705     
0010001300204U 060000000000000000000000000000000000000000000000000000000000000000000000075000000000000072100000000000000000000000000000000201201703012017            000000000000000                              000                           
0010001300205T 170180230000001544772 29577050127846635   7               00000000000000000007500021002360                         0900000000000010000000000000000000000000000000000000000   000000000000000000000070003        170192957705     
0010001300206U 170000000000000000000000000000000000000000000000000000000000000000000000075000000000000068000000000000000000000000000000000201201703012017            000000000000000                              000                           
0010001300207T 170180230000001544772 29577050128230561   7               00000000000000000007500341088170                         0900000000000010000000000000000000000000000000000000000   000000000000000000000070003        170192957705     
0010001300208U 170000000000000000000000000000000000000000000000000000000000000000000000075000000000000068000000000000000000000000000000000201201703012017            000000000000000                              000                           
00100015         000210000484000000000037415000000000000000000000000000000000000000000000000000000000000000000000000000000000000000000000000000000                                                                                              
00199999         000001000212000000                                                                                                                                                            00000000000000000000000000000                    
