00100000         2247745860001000029577050014       0180230000001544772 INSTITUTO DE SELECAO E TECNOLOBANCO DO BRASIL                         20401201701495900003603000000515122941PROCESSAMEN                                                 
00100011T0100020 20247745860001000029577050014       0180230000001544772 INSTITUTO DE SELECAO E TECNOLO                                                                                000000000401201700000000  000000000                      
0010001300001T 020180230000001544772 29577050017435376   788888888888889906012017000000000007500001009245888888888888899          0900000000000010000000000000000000000000000000000000000   0000000000000000000000000A9        170192957705     
0010001300002U 020000000000000000000000000000000000000000000000000000000000000000000000000000000000000000000000000000000000000000000000000401201700000000            000000000000000                              000                           
0010001300003T 020180230000001544772 29577050018307582   788888888888889906012017000000000007500001012408888888888888899          0900000000000010000000000000000000000000000000000000000   0000000000000000000000000A9        170192957705     
0010001300004U 020000000000000000000000000000000000000000000000000000000000000000000000000000000000000000000000000000000000000000000000000401201700000000            000000000000000                              000                           
0010001300005T 020180230000001544772 29577050020104976   788888888888889906012017000000000007500001012408888888888888899          0900000000000010500000000000000000000000000000000000000   0000000000000000000000000A9A4      170192957705     
0010001300006U 020000000000000000000000000000000000000000000000000000000000000000000000000000000000000000000000000000000000000000000000000401201700000000            000000000000000                              000                           
0010001300007T 020180230000001544772 29577050020156551   788888888888889906012017000000000007500001012408888888888888899          0900000000000010500000000000000000000000000000000000000   0000000000000000000000000A9A4      170192957705     
0010001300008U 020000000000000000000000000000000000000000000000000000000000000000000000000000000000000000000000000000000000000000000000000401201700000000            000000000000000                              000                           
0010001300009T 020180230000001544772 29577050020651020   788888888888889906012017000000000010000001000213888888888888899          0900000000000010000000000000000000000000000000000000000   0000000000000000000000000A9        170192957705     
0010001300010U 020000000000000000000000000000000000000000000000000000000000000000000000000000000000000000000000000000000000000000000000000401201700000000            000000000000000                              000                           
0010001300011T 020180230000001544772 29577050055609533   788888888888889906012017000000000007500001012416888888888888899          0900000000000010000000000000000000000000000000000000000   0000000000000000000000000A9        170192957705     
0010001300012U 020000000000000000000000000000000000000000000000000000000000000000000000000000000000000000000000000000000000000000000000000401201700000000            000000000000000                              000                           
0010001300013T 020180230000001544772 29577050055644817   788888888888889906012017000000000007500001012416888888888888899          0900000000000010000000000000000000000000000000000000000   0000000000000000000000000A9        170192957705     
0010001300014U 020000000000000000000000000000000000000000000000000000000000000000000000000000000000000000000000000000000000000000000000000401201700000000            000000000000000                              000                           
0010001300015T 020180230000001544772 29577050055655518   788888888888889906012017000000000007500001012416888888888888899          0900000000000010000000000000000000000000000000000000000   0000000000000000000000000A9        170192957705     
0010001300016U 020000000000000000000000000000000000000000000000000000000000000000000000000000000000000000000000000000000000000000000000000401201700000000            000000000000000                              000                           
0010001300017T 020180230000001544772 29577050059414580   788888888888889906012017000000000007500001012408888888888888899          0900000000000010500000000000000000000000000000000000000   0000000000000000000000000A9A4      170192957705     
0010001300018U 020000000000000000000000000000000000000000000000000000000000000000000000000000000000000000000000000000000000000000000000000401201700000000            000000000000000                              000                           
0010001300019T 020180230000001544772 29577050062156988   788888888888889906012017000000000007500001000833888888888888899          0900000000000010000000000000000000000000000000000000000   0000000000000000000000000A9        170192957705     
0010001300020U 020000000000000000000000000000000000000000000000000000000000000000000000000000000000000000000000000000000000000000000000000401201700000000            000000000000000                              000                           
0010001300021T 020180230000001544772 29577050075036081   788888888888889906012017000000000010000001012408888888888888899          0900000000000010000000000000000000000000000000000000000   0000000000000000000000000A9        170192957705     
0010001300022U 020000000000000000000000000000000000000000000000000000000000000000000000000000000000000000000000000000000000000000000000000401201700000000            000000000000000                              000                           
0010001300023T 020180230000001544772 29577050100044197   788888888888889906012017000000000010000001027189888888888888899          0900000000000010000000000000000000000000000000000000000   0000000000000000000000000A9        170192957705     
0010001300024U 020000000000000000000000000000000000000000000000000000000000000000000000000000000000000000000000000000000000000000000000000401201700000000            000000000000000                              000                           
0010001300025T 020180230000001544772 29577050130559428   78888888888888990601201700000000000750000103049X888888888888899          0900000000000010000000000000000000000000000000000000000   0000000000000000000000000A9        170192957705     
0010001300026U 020000000000000000000000000000000000000000000000000000000000000000000000000000000000000000000000000000000000000000000000000401201700000000            000000000000000                              000                           
0010001300027T 020180230000001544772 29577050145740568   788888888888889906012017000000000007500001012416888888888888899          0900000000000010000000000000000000000000000000000000000   0000000000000000000000000A9        170192957705     
0010001300028U 020000000000000000000000000000000000000000000000000000000000000000000000000000000000000000000000000000000000000000000000000401201700000000            000000000000000                              000                           
0010001300029T 020180230000001544772 29577050145835816   788888888888889906012017000000000010000001000213888888888888899          0900000000000010000000000000000000000000000000000000000   0000000000000000000000000A9        170192957705     
0010001300030U 020000000000000000000000000000000000000000000000000000000000000000000000000000000000000000000000000000000000000000000000000401201700000000            000000000000000                              000                           
0010001300031T 020180230000001544772 29577050145952866   788888888888889906012017000000000007500001000213888888888888899          0900000000000010000000000000000000000000000000000000000   0000000000000000000000000A9        170192957705     
0010001300032U 020000000000000000000000000000000000000000000000000000000000000000000000000000000000000000000000000000000000000000000000000401201700000000            000000000000000                              000                           
0010001300033T 020180230000001544772 29577050146045849   78888888888888990601201700000000000750000103049X888888888888899          0900000000000010000000000000000000000000000000000000000   0000000000000000000000000A9        170192957705     
0010001300034U 020000000000000000000000000000000000000000000000000000000000000000000000000000000000000000000000000000000000000000000000000401201700000000            000000000000000                              000                           
0010001300035T 020180230000001544772 29577050146159785   788888888888889906012017000000000007500001014389888888888888899          0900000000000010000000000000000000000000000000000000000   0000000000000000000000000A9        170192957705     
0010001300036U 020000000000000000000000000000000000000000000000000000000000000000000000000000000000000000000000000000000000000000000000000401201700000000            000000000000000                              000                           
0010001300037T 020180230000001544772 29577050146211392   788888888888889906012017000000000007500001014389888888888888899          0900000000000010000000000000000000000000000000000000000   0000000000000000000000000A9        170192957705     
0010001300038U 020000000000000000000000000000000000000000000000000000000000000000000000000000000000000000000000000000000000000000000000000401201700000000            000000000000000                              000                           
0010001300039T 020180230000001544772 29577050146323859   788888888888889906012017000000000007500001000213888888888888899          0900000000000010500000000000000000000000000000000000000   0000000000000000000000000A9A4      170192957705     
0010001300040U 020000000000000000000000000000000000000000000000000000000000000000000000000000000000000000000000000000000000000000000000000401201700000000            000000000000000                              000                           
0010001300041T 020180230000001544772 29577050146446025   788888888888889906012017000000000007500001000213888888888888899          0900000000000010000000000000000000000000000000000000000   0000000000000000000000000A9        170192957705     
0010001300042U 020000000000000000000000000000000000000000000000000000000000000000000000000000000000000000000000000000000000000000000000000401201700000000            000000000000000                              000                           
0010001300043T 020180230000001544772 29577050146554224   78888888888888990601201700000000001000000103049X888888888888899          0900000000000010000000000000000000000000000000000000000   0000000000000000000000000A9        170192957705     
0010001300044U 020000000000000000000000000000000000000000000000000000000000000000000000000000000000000000000000000000000000000000000000000401201700000000            000000000000000                              000                           
0010001300045T 020180230000001544772 29577050146601273   788888888888889906012017000000000007500001000213888888888888899          0900000000000010000000000000000000000000000000000000000   0000000000000000000000000A9        170192957705     
0010001300046U 020000000000000000000000000000000000000000000000000000000000000000000000000000000000000000000000000000000000000000000000000401201700000000            000000000000000                              000                           
0010001300047T 020180230000001544772 29577050146729360   788888888888889906012017000000000007500001000213888888888888899          0900000000000010000000000000000000000000000000000000000   0000000000000000000000000A9        170192957705     
0010001300048U 020000000000000000000000000000000000000000000000000000000000000000000000000000000000000000000000000000000000000000000000000401201700000000            000000000000000                              000                           
0010001300049T 020180230000001544772 29577050146933947   788888888888889906012017000000000007500001012408888888888888899          0900000000000010000000000000000000000000000000000000000   0000000000000000000000000A9        170192957705     
0010001300050U 020000000000000000000000000000000000000000000000000000000000000000000000000000000000000000000000000000000000000000000000000401201700000000            000000000000000                              000                           
0010001300051T 020180230000001544772 29577050147021604   788888888888889906012017000000000007500001012408888888888888899          0900000000000010000000000000000000000000000000000000000   0000000000000000000000000A9        170192957705     
0010001300052U 020000000000000000000000000000000000000000000000000000000000000000000000000000000000000000000000000000000000000000000000000401201700000000            000000000000000                              000                           
0010001300053T 020180230000001544772 29577050147146981   788888888888889906012017000000000007500001000213888888888888899          0900000000000010500000000000000000000000000000000000000   0000000000000000000000000A9A4      170192957705     
0010001300054U 020000000000000000000000000000000000000000000000000000000000000000000000000000000000000000000000000000000000000000000000000401201700000000            000000000000000                              000                           
0010001300055T 020180230000001544772 29577050147218303   78888888888888990601201700000000000750000103696X888888888888899          0900000000000010000000000000000000000000000000000000000   0000000000000000000000000A9        170192957705     
0010001300056U 020000000000000000000000000000000000000000000000000000000000000000000000000000000000000000000000000000000000000000000000000401201700000000            000000000000000                              000                           
0010001300057T 020180230000001544772 29577050147317951   788888888888889906012017000000000007500001012416888888888888899          0900000000000010000000000000000000000000000000000000000   0000000000000000000000000A9        170192957705     
0010001300058U 020000000000000000000000000000000000000000000000000000000000000000000000000000000000000000000000000000000000000000000000000401201700000000            000000000000000                              000                           
0010001300059T 020180230000001544772 29577050147510367   788888888888889906012017000000000007500001010235888888888888899          0900000000000010000000000000000000000000000000000000000   0000000000000000000000000A9        170192957705     
0010001300060U 020000000000000000000000000000000000000000000000000000000000000000000000000000000000000000000000000000000000000000000000000401201700000000            000000000000000                              000                           
0010001300061T 020180230000001544772 29577050147649225   788888888888889906012017000000000007500001000213888888888888899          0900000000000010000000000000000000000000000000000000000   0000000000000000000000000A9        170192957705     
0010001300062U 020000000000000000000000000000000000000000000000000000000000000000000000000000000000000000000000000000000000000000000000000401201700000000            000000000000000                              000                           
0010001300063T 020180230000001544772 29577050147820297   788888888888889906012017000000000007500001000213888888888888899          0900000000000010000000000000000000000000000000000000000   0000000000000000000000000A9        170192957705     
0010001300064U 020000000000000000000000000000000000000000000000000000000000000000000000000000000000000000000000000000000000000000000000000401201700000000            000000000000000                              000                           
0010001300065T 020180230000001544772 29577050147902530   78888888888888990601201700000000000750000103049X888888888888899          0900000000000010000000000000000000000000000000000000000   0000000000000000000000000A9        170192957705     
0010001300066U 020000000000000000000000000000000000000000000000000000000000000000000000000000000000000000000000000000000000000000000000000401201700000000            000000000000000                              000                           
0010001300067T 020180230000001544772 29577050148001650   788888888888889906012017000000000007500001032085888888888888899          0900000000000010000000000000000000000000000000000000000   0000000000000000000000000A9        170192957705     
0010001300068U 020000000000000000000000000000000000000000000000000000000000000000000000000000000000000000000000000000000000000000000000000401201700000000            000000000000000                              000                           
0010001300069T 020180230000001544772 29577050148125052   788888888888889906012017000000000007500001012416888888888888899          0900000000000010000000000000000000000000000000000000000   0000000000000000000000000A9        170192957705     
0010001300070U 020000000000000000000000000000000000000000000000000000000000000000000000000000000000000000000000000000000000000000000000000401201700000000            000000000000000                              000                           
0010001300071T 020180230000001544772 29577050148152174   788888888888889906012017000000000007500001012416888888888888899          0900000000000010000000000000000000000000000000000000000   0000000000000000000000000A9        170192957705     
0010001300072U 020000000000000000000000000000000000000000000000000000000000000000000000000000000000000000000000000000000000000000000000000401201700000000            000000000000000                              000                           
0010001300073T 020180230000001544772 29577050148153282   788888888888889906012017000000000007500001012416888888888888899          0900000000000010000000000000000000000000000000000000000   0000000000000000000000000A9        170192957705     
0010001300074U 020000000000000000000000000000000000000000000000000000000000000000000000000000000000000000000000000000000000000000000000000401201700000000            000000000000000                              000                           
0010001300075T 020180230000001544772 29577050148227898   788888888888889906012017000000000007500001012416888888888888899          0900000000000010000000000000000000000000000000000000000   0000000000000000000000000A9        170192957705     
0010001300076U 020000000000000000000000000000000000000000000000000000000000000000000000000000000000000000000000000000000000000000000000000401201700000000            000000000000000                              000                           
0010001300077T 020180230000001544772 29577050148350367   788888888888889906012017000000000007500001002097888888888888899          0900000000000010000000000000000000000000000000000000000   0000000000000000000000000A9        170192957705     
0010001300078U 020000000000000000000000000000000000000000000000000000000000000000000000000000000000000000000000000000000000000000000000000401201700000000            000000000000000                              000                           
0010001300079T 020180230000001544772 29577050148420518   788888888888889906012017000000000007500001010561888888888888899          0900000000000010000000000000000000000000000000000000000   0000000000000000000000000A9        170192957705     
0010001300080U 020000000000000000000000000000000000000000000000000000000000000000000000000000000000000000000000000000000000000000000000000401201700000000            000000000000000                              000                           
0010001300081T 020180230000001544772 29577050148550770   788888888888889906012017000000000007500001012416888888888888899          0900000000000010000000000000000000000000000000000000000   0000000000000000000000000A9        170192957705     
0010001300082U 020000000000000000000000000000000000000000000000000000000000000000000000000000000000000000000000000000000000000000000000000401201700000000            000000000000000                              000                           
0010001300083T 020180230000001544772 29577050148615906   788888888888889906012017000000000007500001036900888888888888899          0900000000000010000000000000000000000000000000000000000   0000000000000000000000000A9        170192957705     
0010001300084U 020000000000000000000000000000000000000000000000000000000000000000000000000000000000000000000000000000000000000000000000000401201700000000            000000000000000                              000                           
0010001300085T 020180230000001544772 29577050148737657   78888888888888990601201700000000000750000103049X888888888888899          0900000000000010000000000000000000000000000000000000000   0000000000000000000000000A9        170192957705     
0010001300086U 020000000000000000000000000000000000000000000000000000000000000000000000000000000000000000000000000000000000000000000000000401201700000000            000000000000000                              000                           
0010001300087T 020180230000001544772 29577050148841912   788888888888889906012017000000000007500001000213888888888888899          0900000000000010000000000000000000000000000000000000000   0000000000000000000000000A9        170192957705     
0010001300088U 020000000000000000000000000000000000000000000000000000000000000000000000000000000000000000000000000000000000000000000000000401201700000000            000000000000000                              000                           
0010001300089T 020180230000001544772 29577050148931964   788888888888889906012017000000000007500001012408888888888888899          0900000000000010000000000000000000000000000000000000000   0000000000000000000000000A9        170192957705     
0010001300090U 020000000000000000000000000000000000000000000000000000000000000000000000000000000000000000000000000000000000000000000000000401201700000000            000000000000000                              000                           
0010001300091T 020180230000001544772 29577050149146850   788888888888889906012017000000000007500001012408888888888888899          0900000000000010500000000000000000000000000000000000000   0000000000000000000000000A9A4      170192957705     
0010001300092U 020000000000000000000000000000000000000000000000000000000000000000000000000000000000000000000000000000000000000000000000000401201700000000            000000000000000                              000                           
0010001300093T 020180230000001544772 29577050149250265   788888888888889906012017000000000007500001000213888888888888899          0900000000000010000000000000000000000000000000000000000   0000000000000000000000000A9        170192957705     
0010001300094U 020000000000000000000000000000000000000000000000000000000000000000000000000000000000000000000000000000000000000000000000000401201700000000            000000000000000                              000                           
0010001300095T 020180230000001544772 29577050149328544   788888888888889906012017000000000007500001000213888888888888899          0900000000000010000000000000000000000000000000000000000   0000000000000000000000000A9        170192957705     
0010001300096U 020000000000000000000000000000000000000000000000000000000000000000000000000000000000000000000000000000000000000000000000000401201700000000            000000000000000                              000                           
0010001300097T 020180230000001544772 29577050149453539   788888888888889906012017000000000007500001012408888888888888899          0900000000000010000000000000000000000000000000000000000   0000000000000000000000000A9        170192957705     
0010001300098U 020000000000000000000000000000000000000000000000000000000000000000000000000000000000000000000000000000000000000000000000000401201700000000            000000000000000                              000                           
0010001300099T 020180230000001544772 29577050149539846   78888888888888990601201700000000000750000103049X888888888888899          0900000000000010000000000000000000000000000000000000000   0000000000000000000000000A9        170192957705     
0010001300100U 020000000000000000000000000000000000000000000000000000000000000000000000000000000000000000000000000000000000000000000000000401201700000000            000000000000000                              000                           
0010001300101T 020180230000001544772 29577050149611816   788888888888889906012017000000000007500001000213888888888888899          0900000000000010000000000000000000000000000000000000000   0000000000000000000000000A9        170192957705     
0010001300102U 020000000000000000000000000000000000000000000000000000000000000000000000000000000000000000000000000000000000000000000000000401201700000000            000000000000000                              000                           
0010001300103T 020180230000001544772 29577050149718529   78888888888888990601201700000000001000000103049X888888888888899          0900000000000010000000000000000000000000000000000000000   0000000000000000000000000A9        170192957705     
0010001300104U 020000000000000000000000000000000000000000000000000000000000000000000000000000000000000000000000000000000000000000000000000401201700000000            000000000000000                              000                           
0010001300105T 020180230000001544772 29577050149811076   788888888888889906012017000000000007500001012408888888888888899          0900000000000010000000000000000000000000000000000000000   0000000000000000000000000A9        170192957705     
0010001300106U 020000000000000000000000000000000000000000000000000000000000000000000000000000000000000000000000000000000000000000000000000401201700000000            000000000000000                              000                           
0010001300107T 020180230000001544772 29577050149921384   788888888888889906012017000000000007500001000213888888888888899          0900000000000010000000000000000000000000000000000000000   0000000000000000000000000A9        170192957705     
0010001300108U 020000000000000000000000000000000000000000000000000000000000000000000000000000000000000000000000000000000000000000000000000401201700000000            000000000000000                              000                           
0010001300109T 020180230000001544772 29577050150107935   788888888888889906012017000000000007500001012408888888888888899          0900000000000010500000000000000000000000000000000000000   0000000000000000000000000A9A4      170192957705     
0010001300110U 020000000000000000000000000000000000000000000000000000000000000000000000000000000000000000000000000000000000000000000000000401201700000000            000000000000000                              000                           
0010001300111T 020180230000001544772 29577050150136163   788888888888889906012017000000000007500001012408888888888888899          0900000000000010500000000000000000000000000000000000000   0000000000000000000000000A9A4      170192957705     
0010001300112U 020000000000000000000000000000000000000000000000000000000000000000000000000000000000000000000000000000000000000000000000000401201700000000            000000000000000                              000                           
0010001300113T 020180230000001544772 29577050150156315   788888888888889906012017000000000007500001012408888888888888899          0900000000000010500000000000000000000000000000000000000   0000000000000000000000000A9A4      170192957705     
0010001300114U 020000000000000000000000000000000000000000000000000000000000000000000000000000000000000000000000000000000000000000000000000401201700000000            000000000000000                              000                           
0010001300115T 020180230000001544772 29577050150225539   788888888888889906012017000000000007500001000515888888888888899          0900000000000010000000000000000000000000000000000000000   0000000000000000000000000A9        170192957705     
0010001300116U 020000000000000000000000000000000000000000000000000000000000000000000000000000000000000000000000000000000000000000000000000401201700000000            000000000000000                              000                           
0010001300117T 020180230000001544772 29577050150331280   788888888888889906012017000000000010000001000515888888888888899          0900000000000010000000000000000000000000000000000000000   0000000000000000000000000A9        170192957705     
0010001300118U 020000000000000000000000000000000000000000000000000000000000000000000000000000000000000000000000000000000000000000000000000401201700000000            000000000000000                              000                           
0010001300119T 020180230000001544772 29577050150410895   78888888888888990601201700000000000750000100166X888888888888899          0900000000000010000000000000000000000000000000000000000   0000000000000000000000000A9        170192957705     
0010001300120U 020000000000000000000000000000000000000000000000000000000000000000000000000000000000000000000000000000000000000000000000000401201700000000            000000000000000                              000                           
0010001300121T 020180230000001544772 29577050150507272   78888888888888990601201700000000000750000103049X888888888888899          0900000000000010000000000000000000000000000000000000000   0000000000000000000000000A9        170192957705     
0010001300122U 020000000000000000000000000000000000000000000000000000000000000000000000000000000000000000000000000000000000000000000000000401201700000000            000000000000000                              000                           
0010001300123T 020180230000001544772 29577050150515810   78888888888888990601201700000000000750000103049X888888888888899          0900000000000010000000000000000000000000000000000000000   0000000000000000000000000A9        170192957705     
0010001300124U 020000000000000000000000000000000000000000000000000000000000000000000000000000000000000000000000000000000000000000000000000401201700000000            000000000000000                              000                           
0010001300125T 020180230000001544772 29577050150657966   788888888888889906012017000000000007500001012416888888888888899          0900000000000010000000000000000000000000000000000000000   0000000000000000000000000A9        170192957705     
0010001300126U 020000000000000000000000000000000000000000000000000000000000000000000000000000000000000000000000000000000000000000000000000401201700000000            000000000000000                              000                           
0010001300127T 020180230000001544772 29577050150749465   788888888888889906012017000000000007500001012408888888888888899          0900000000000010000000000000000000000000000000000000000   0000000000000000000000000A9        170192957705     
0010001300128U 020000000000000000000000000000000000000000000000000000000000000000000000000000000000000000000000000000000000000000000000000401201700000000            000000000000000                              000                           
0010001300129T 020180230000001544772 29577050150845871   78888888888888990601201700000000000750000103049X888888888888899          0900000000000010000000000000000000000000000000000000000   0000000000000000000000000A9        170192957705     
0010001300130U 020000000000000000000000000000000000000000000000000000000000000000000000000000000000000000000000000000000000000000000000000401201700000000            000000000000000                              000                           
0010001300131T 020180230000001544772 29577050150952224   78888888888888990601201700000000000750000103049X888888888888899          0900000000000010000000000000000000000000000000000000000   0000000000000000000000000A9        170192957705     
0010001300132U 020000000000000000000000000000000000000000000000000000000000000000000000000000000000000000000000000000000000000000000000000401201700000000            000000000000000                              000                           
0010001300133T 020180230000001544772 29577050151024058   78888888888888990601201700000000000750000103049X888888888888899          0900000000000010000000000000000000000000000000000000000   0000000000000000000000000A9        170192957705     
0010001300134U 020000000000000000000000000000000000000000000000000000000000000000000000000000000000000000000000000000000000000000000000000401201700000000            000000000000000                              000                           
0010001300135T 020180230000001544772 29577050151127584   788888888888889906012017000000000007500001000213888888888888899          0900000000000010000000000000000000000000000000000000000   0000000000000000000000000A9        170192957705     
0010001300136U 020000000000000000000000000000000000000000000000000000000000000000000000000000000000000000000000000000000000000000000000000401201700000000            000000000000000                              000                           
0010001300137T 020180230000001544772 29577050151208824   78888888888888990601201700000000001000000103049X888888888888899          0900000000000010000000000000000000000000000000000000000   0000000000000000000000000A9        170192957705     
0010001300138U 020000000000000000000000000000000000000000000000000000000000000000000000000000000000000000000000000000000000000000000000000401201700000000            000000000000000                              000                           
0010001300139T 020180230000001544772 29577050151314595   788888888888889906012017000000000007500001046744888888888888899          0900000000000010000000000000000000000000000000000000000   0000000000000000000000000A9        170192957705     
0010001300140U 020000000000000000000000000000000000000000000000000000000000000000000000000000000000000000000000000000000000000000000000000401201700000000            000000000000000                              000                           
0010001300141T 020180230000001544772 29577050151424377   788888888888889906012017000000000007500001046744888888888888899          0900000000000010000000000000000000000000000000000000000   0000000000000000000000000A9        170192957705     
0010001300142U 020000000000000000000000000000000000000000000000000000000000000000000000000000000000000000000000000000000000000000000000000401201700000000            000000000000000                              000                           
0010001300143T 020180230000001544772 29577050151531435   788888888888889906012017000000000007500001000728888888888888899          0900000000000010500000000000000000000000000000000000000   0000000000000000000000000A9A4      170192957705     
0010001300144U 020000000000000000000000000000000000000000000000000000000000000000000000000000000000000000000000000000000000000000000000000401201700000000            000000000000000                              000                           
0010001300145T 020180230000001544772 29577050151645896   78888888888888990601201700000000000750000103049X888888888888899          0900000000000010000000000000000000000000000000000000000   0000000000000000000000000A9        170192957705     
0010001300146U 020000000000000000000000000000000000000000000000000000000000000000000000000000000000000000000000000000000000000000000000000401201700000000            000000000000000                              000                           
0010001300147T 020180230000001544772 29577050151712062   788888888888889906012017000000000007500001000213888888888888899          0900000000000010000000000000000000000000000000000000000   0000000000000000000000000A9        170192957705     
0010001300148U 020000000000000000000000000000000000000000000000000000000000000000000000000000000000000000000000000000000000000000000000000401201700000000            000000000000000                              000                           
0010001300149T 020180230000001544772 29577050151902050   788888888888889906012017000000000007500001012416888888888888899          0900000000000010500000000000000000000000000000000000000   0000000000000000000000000A9A4      170192957705     
0010001300150U 020000000000000000000000000000000000000000000000000000000000000000000000000000000000000000000000000000000000000000000000000401201700000000            000000000000000                              000                           
0010001300151T 020180230000001544772 29577050152029819   788888888888889906012017000000000010000001003956888888888888899          0900000000000010500000000000000000000000000000000000000   0000000000000000000000000A9A4      170192957705     
0010001300152U 020000000000000000000000000000000000000000000000000000000000000000000000000000000000000000000000000000000000000000000000000401201700000000            000000000000000                              000                           
0010001300153T 020180230000001544772 29577050152243973   788888888888889906012017000000000007500001000744888888888888899          0900000000000010000000000000000000000000000000000000000   0000000000000000000000000A9        170192957705     
0010001300154U 020000000000000000000000000000000000000000000000000000000000000000000000000000000000000000000000000000000000000000000000000401201700000000            000000000000000                              000                           
0010001300155T 020180230000001544772 29577050152412129   78888888888888990601201700000000000750000103049X888888888888899          0900000000000010000000000000000000000000000000000000000   0000000000000000000000000A9        170192957705     
0010001300156U 020000000000000000000000000000000000000000000000000000000000000000000000000000000000000000000000000000000000000000000000000401201700000000            000000000000000                              000                           
0010001300157T 020180230000001544772 29577050152508772   788888888888889906012017000000000007500001000213888888888888899          0900000000000010000000000000000000000000000000000000000   0000000000000000000000000A9        170192957705     
0010001300158U 020000000000000000000000000000000000000000000000000000000000000000000000000000000000000000000000000000000000000000000000000401201700000000            000000000000000                              000                           
0010001300159T 020180230000001544772 29577050152610711   78888888888888990601201700000000000750000103049X888888888888899          0900000000000010000000000000000000000000000000000000000   0000000000000000000000000A9        170192957705     
0010001300160U 020000000000000000000000000000000000000000000000000000000000000000000000000000000000000000000000000000000000000000000000000401201700000000            000000000000000                              000                           
0010001300161T 020180230000001544772 29577050152706493   788888888888889906012017000000000010000001000213888888888888899          0900000000000010000000000000000000000000000000000000000   0000000000000000000000000A9        170192957705     
0010001300162U 020000000000000000000000000000000000000000000000000000000000000000000000000000000000000000000000000000000000000000000000000401201700000000            000000000000000                              000                           
0010001300163T 020180230000001544772 29577050152940823   788888888888889906012017000000000007500001010561888888888888899          0900000000000010000000000000000000000000000000000000000   0000000000000000000000000A9        170192957705     
0010001300164U 020000000000000000000000000000000000000000000000000000000000000000000000000000000000000000000000000000000000000000000000000401201700000000            000000000000000                              000                           
0010001300165T 020180230000001544772 29577050153057030   788888888888889906012017000000000007500001000213888888888888899          0900000000000010000000000000000000000000000000000000000   0000000000000000000000000A9        170192957705     
0010001300166U 020000000000000000000000000000000000000000000000000000000000000000000000000000000000000000000000000000000000000000000000000401201700000000            000000000000000                              000                           
0010001300167T 020180230000001544772 29577050153211743   788888888888889906012017000000000010000001012408888888888888899          0900000000000010000000000000000000000000000000000000000   0000000000000000000000000A9        170192957705     
0010001300168U 020000000000000000000000000000000000000000000000000000000000000000000000000000000000000000000000000000000000000000000000000401201700000000            000000000000000                              000                           
0010001300169T 020180230000001544772 29577050153321941   788888888888889906012017000000000007500001002097888888888888899          0900000000000010000000000000000000000000000000000000000   0000000000000000000000000A9        170192957705     
0010001300170U 020000000000000000000000000000000000000000000000000000000000000000000000000000000000000000000000000000000000000000000000000401201700000000            000000000000000                              000                           
0010001300171T 020180230000001544772 29577050153532412   788888888888889906012017000000000007500001012408888888888888899          0900000000000010000000000000000000000000000000000000000   0000000000000000000000000A9        170192957705     
0010001300172U 020000000000000000000000000000000000000000000000000000000000000000000000000000000000000000000000000000000000000000000000000401201700000000            000000000000000                              000                           
0010001300173T 020180230000001544772 29577050153746692   788888888888889906012017000000000007500001012408888888888888899          0900000000000010000000000000000000000000000000000000000   0000000000000000000000000A9        170192957705     
0010001300174U 020000000000000000000000000000000000000000000000000000000000000000000000000000000000000000000000000000000000000000000000000401201700000000            000000000000000                              000                           
0010001300175T 020180230000001544772 29577050153834947   788888888888889906012017000000000007500001000213888888888888899          0900000000000010000000000000000000000000000000000000000   0000000000000000000000000A9        170192957705     
0010001300176U 020000000000000000000000000000000000000000000000000000000000000000000000000000000000000000000000000000000000000000000000000401201700000000            000000000000000                              000                           
0010001300177T 020180230000001544772 29577050153908188   78888888888888990601201700000000000750000103049X888888888888899          0900000000000010000000000000000000000000000000000000000   0000000000000000000000000A9        170192957705     
0010001300178U 020000000000000000000000000000000000000000000000000000000000000000000000000000000000000000000000000000000000000000000000000401201700000000            000000000000000                              000                           
0010001300179T 020180230000001544772 29577050154012993   788888888888889906012017000000000007500001032085888888888888899          0900000000000010000000000000000000000000000000000000000   0000000000000000000000000A9        170192957705     
0010001300180U 020000000000000000000000000000000000000000000000000000000000000000000000000000000000000000000000000000000000000000000000000401201700000000            000000000000000                              000                           
0010001300181T 020180230000001544772 29577050154120443   788888888888889906012017000000000007500001004782888888888888899          0900000000000010000000000000000000000000000000000000000   0000000000000000000000000A9        170192957705     
0010001300182U 020000000000000000000000000000000000000000000000000000000000000000000000000000000000000000000000000000000000000000000000000401201700000000            000000000000000                              000                           
0010001300183T 060180230000001544772 29577050009556002   788888888888889905012017000000000010000001031941888888888888899          0900000000000010000000000000000000000000000000000000000   000000000000000000000029000        170192957705     
0010001300184U 060000000000000000000000000000000000000000000000000000000000000000000000100000000000000097100000000000000000000000000000000401201705012017            000000000000000                              000                           
0010001300185T 060180230000001544772 29577050020651020   788888888888889906012017000000000010000001031933888888888888899          0900000000000010000000000000000000000000000000000000000   000000000000000000000029000        170192957705     
0010001300186U 060000000000000000000000000000000000000000000000000000000000000000000000100000000000000097100000000000000000000000000000000401201705012017            000000000000000                              000                           
0010001300187T 170180230000001544772 29577050111555712   7               00000000000000000007500001030848                         0900000000000010000000000000000000000000000000000000000   000000000000000000000070003        170192957705     
0010001300188U 170000000000000000000000000000000000000000000000000000000000000000000000075000000000000068000000000000000000000000000000000401201705012017            000000000000000                              000                           
0010001300189T 170180230000001544772 29577050119505909   7               00000000000000000007500104001730                         0900000000000010000000000000000000000000000000000000000   000000000000000000000070003        170192957705     
0010001300190U 170000000000000000000000000000000000000000000000000000000000000000000000075000000000000068000000000000000000000000000000000401201705012017            000000000000000                              000                           
0010001300191T 170180230000001544772 29577050124726701   7               00000000000000000007500001014001                         0900000000000010000000000000000000000000000000000000000   000000000000000000000070003        170192957705     
0010001300192U 170000000000000000000000000000000000000000000000000000000000000000000000075000000000000068000000000000000000000000000000000401201705012017            000000000000000                              000                           
0010001300193T 170180230000001544772 29577050125129738   7               00000000000000000010000001014001                         0900000000000010000000000000000000000000000000000000000   000000000000000000000070003        170192957705     
0010001300194U 170000000000000000000000000000000000000000000000000000000000000000000000100000000000000093000000000000000000000000000000000401201705012017            000000000000000                              000                           
0010001300195T 170180230000001544772 29577050128447819   7               00000000000000000007500104001710                         0900000000000010000000000000000000000000000000000000000   000000000000000000000070003        170192957705     
0010001300196U 170000000000000000000000000000000000000000000000000000000000000000000000075000000000000068000000000000000000000000000000000401201705012017            000000000000000                              000                           
0010001300197T 060180230000001544772 29577050134652919   788888888888889905012017000000000010000237014780888888888888899          0900000000000010000000000000000000000000000000000000000   000000000000000000000029000        170192957705     
0010001300198U 060000000000000000000000000000000000000000000000000000000000000000000000100000000000000097100000000000000000000000000000000401201705012017            000000000000000                              000                           
0010001300199T 060180230000001544772 29577050135143862   788888888888889905012017000000000007500104025030888888888888899          0900000000000010000000000000000000000000000000000000000   000000000000000000000029000        170192957705     
0010001300200U 060000000000000000000000000000000000000000000000000000000000000000000000075000000000000072100000000000000000000000000000000401201705012017            000000000000000                              000                           
0010001300201T 060180230000001544772 29577050135304452   788888888888889905012017000000000007500104025030888888888888899          0900000000000010000000000000000000000000000000000000000   000000000000000000000029000        170192957705     
0010001300202U 060000000000000000000000000000000000000000000000000000000000000000000000075000000000000072100000000000000000000000000000000401201705012017            000000000000000                              000                           
0010001300203T 060180230000001544772 29577050149718529   788888888888889906012017000000000010000341065090888888888888899          0900000000000010000000000000000000000000000000000000000   000000000000000000000029000        170192957705     
0010001300204U 060000000000000000000000000000000000000000000000000000000000000000000000100000000000000097100000000000000000000000000000000401201705012017            000000000000000                              000                           
0010001300205T 060180230000001544772 29577050150749465   788888888888889906012017000000000007500104020420888888888888899          0900000000000010000000000000000000000000000000000000000   000000000000000000000029000        170192957705     
0010001300206U 060000000000000000000000000000000000000000000000000000000000000000000000075000000000000072100000000000000000000000000000000401201705012017            000000000000000                              000                           
0010001300207T 060180230000001544772 29577050153057030   788888888888889906012017000000000007500001031305888888888888899          0900000000000010000000000000000000000000000000000000000   000000000000000000000029000        170192957705     
0010001300208U 060000000000000000000000000000000000000000000000000000000000000000000000075000000000000072100000000000000000000000000000000401201705012017            000000000000000                              000                           
00100015         000210000605000000000046740000000000000000000000000000000000000000000000000000000000000000000000000000000000000000000000000000000                                                                                              
00199999         000001000212000000                                                                                                                                                            00000000000000000000000000000                    
