00100000         2247745860001000029577050014       0180230000001544772 INSTITUTO DE SELECAO E TECNOLOBANCO DO BRASIL                         20601201702232000004003000000515122941PROCESSAMEN                                                 
00100011T0100020 20247745860001000029577050014       0180230000001544772 INSTITUTO DE SELECAO E TECNOLO                                                                                000000000601201700000000  000000000                      
0010001300001T 020180230000001544772 29577050050049856   788888888888889907012017000000000007500001000701888888888888899          0900000000000010000000000000000000000000000000000000000   0000000000000000000000000A9        170192957705     
0010001300002U 020000000000000000000000000000000000000000000000000000000000000000000000000000000000000000000000000000000000000000000000000601201700000000            000000000000000                              000                           
0010001300003T 020180230000001544772 29577050052555189   788888888888889907012017000000000007500001012416888888888888899          0900000000000010000000000000000000000000000000000000000   0000000000000000000000000A9        170192957705     
0010001300004U 020000000000000000000000000000000000000000000000000000000000000000000000000000000000000000000000000000000000000000000000000601201700000000            000000000000000                              000                           
0010001300005T 020180230000001544772 29577050055626069   788888888888889907012017000000000007500001012416888888888888899          0900000000000010000000000000000000000000000000000000000   0000000000000000000000000A9        170192957705     
0010001300006U 020000000000000000000000000000000000000000000000000000000000000000000000000000000000000000000000000000000000000000000000000601201700000000            000000000000000                              000                           
0010001300007T 020180230000001544772 29577050068959566   788888888888889907012017000000000007500001012416888888888888899          0900000000000010000000000000000000000000000000000000000   0000000000000000000000000A9        170192957705     
0010001300008U 020000000000000000000000000000000000000000000000000000000000000000000000000000000000000000000000000000000000000000000000000601201700000000            000000000000000                              000                           
0010001300009T 020180230000001544772 29577050130530684   78888888888888990701201700000000000750000103049X888888888888899          0900000000000010000000000000000000000000000000000000000   0000000000000000000000000A9        170192957705     
0010001300010U 020000000000000000000000000000000000000000000000000000000000000000000000000000000000000000000000000000000000000000000000000601201700000000            000000000000000                              000                           
0010001300011T 020180230000001544772 29577050130554564   78888888888888990701201700000000000750000103049X888888888888899          0900000000000010000000000000000000000000000000000000000   0000000000000000000000000A9        170192957705     
0010001300012U 020000000000000000000000000000000000000000000000000000000000000000000000000000000000000000000000000000000000000000000000000601201700000000            000000000000000                              000                           
0010001300013T 020180230000001544772 29577050130855613   788888888888889907012017000000000007500001000213888888888888899          0900000000000010000000000000000000000000000000000000000   0000000000000000000000000A9        170192957705     
0010001300014U 020000000000000000000000000000000000000000000000000000000000000000000000000000000000000000000000000000000000000000000000000601201700000000            000000000000000                              000                           
0010001300015T 020180230000001544772 29577050139910658   788888888888889907012017000000000007500001009245888888888888899          0900000000000010000000000000000000000000000000000000000   0000000000000000000000000A9        170192957705     
0010001300016U 020000000000000000000000000000000000000000000000000000000000000000000000000000000000000000000000000000000000000000000000000601201700000000            000000000000000                              000                           
0010001300017T 020180230000001544772 29577050163030522   78888888888888990701201700000000000750000103049X888888888888899          0900000000000010000000000000000000000000000000000000000   0000000000000000000000000A9        170192957705     
0010001300018U 020000000000000000000000000000000000000000000000000000000000000000000000000000000000000000000000000000000000000000000000000601201700000000            000000000000000                              000                           
0010001300019T 020180230000001544772 29577050163138144   788888888888889907012017000000000007500001000833888888888888899          0900000000000010000000000000000000000000000000000000000   0000000000000000000000000A9        170192957705     
0010001300020U 020000000000000000000000000000000000000000000000000000000000000000000000000000000000000000000000000000000000000000000000000601201700000000            000000000000000                              000                           
0010001300021T 020180230000001544772 29577050163228742   78888888888888990701201700000000001000000103049X888888888888899          0900000000000010000000000000000000000000000000000000000   0000000000000000000000000A9        170192957705     
0010001300022U 020000000000000000000000000000000000000000000000000000000000000000000000000000000000000000000000000000000000000000000000000601201700000000            000000000000000                              000                           
0010001300023T 020180230000001544772 29577050163442909   788888888888889907012017000000000007500001012408888888888888899          0900000000000010000000000000000000000000000000000000000   0000000000000000000000000A9        170192957705     
0010001300024U 020000000000000000000000000000000000000000000000000000000000000000000000000000000000000000000000000000000000000000000000000601201700000000            000000000000000                              000                           
0010001300025T 020180230000001544772 29577050163611784   78888888888888990701201700000000000750000103049X888888888888899          0900000000000010000000000000000000000000000000000000000   0000000000000000000000000A9        170192957705     
0010001300026U 020000000000000000000000000000000000000000000000000000000000000000000000000000000000000000000000000000000000000000000000000601201700000000            000000000000000                              000                           
0010001300027T 020180230000001544772 29577050163650628   78888888888888990701201700000000000750000103049X888888888888899          0900000000000010000000000000000000000000000000000000000   0000000000000000000000000A9        170192957705     
0010001300028U 020000000000000000000000000000000000000000000000000000000000000000000000000000000000000000000000000000000000000000000000000601201700000000            000000000000000                              000                           
0010001300029T 020180230000001544772 29577050163729787   78888888888888990701201700000000000750000103049X888888888888899          0900000000000010000000000000000000000000000000000000000   0000000000000000000000000A9        170192957705     
0010001300030U 020000000000000000000000000000000000000000000000000000000000000000000000000000000000000000000000000000000000000000000000000601201700000000            000000000000000                              000                           
0010001300031T 020180230000001544772 29577050163909071   78888888888888990701201700000000000750000103049X888888888888899          0900000000000010000000000000000000000000000000000000000   0000000000000000000000000A9        170192957705     
0010001300032U 020000000000000000000000000000000000000000000000000000000000000000000000000000000000000000000000000000000000000000000000000601201700000000            000000000000000                              000                           
0010001300033T 020180230000001544772 29577050164043658   788888888888889907012017000000000007500001012416888888888888899          0900000000000010000000000000000000000000000000000000000   0000000000000000000000000A9        170192957705     
0010001300034U 020000000000000000000000000000000000000000000000000000000000000000000000000000000000000000000000000000000000000000000000000601201700000000            000000000000000                              000                           
0010001300035T 020180230000001544772 29577058899889986   7               08012017000000000007500001008338                         0900000000000010000000000000000000000000000000000000000   0000000000000000000000000A9        170192957705     
0010001300036U 020000000000000000000000000000000000000000000000000000000000000000000000000000000000000000000000000000000000000000000000000601201700000000            000000000000000                              000                           
0010001300037T 020180230000001544772 29577058899889988   7               08012017000000000007500001000213                         0900000000000010000000000000000000000000000000000000000   0000000000000000000000000A9        170192957705     
0010001300038U 020000000000000000000000000000000000000000000000000000000000000000000000000000000000000000000000000000000000000000000000000601201700000000            000000000000000                              000                           
0010001300039T 060180230000001544772 29577050018307582   788888888888889906012017000000000007500104001670888888888888899          0900000000000010000000000000000000000000000000000000000   000000000000000000000029000        170192957705     
0010001300040U 060000000000000000000000000000000000000000000000000000000000000000000000075000000000000072100000000000000000000000000000000601201709012017            000000000000000                              000                           
0010001300041T 060180230000001544772 29577050075036081   78888888888888990601201700000000001000000103195X888888888888899          0900000000000010000000000000000000000000000000000000000   000000000000000000000029000        170192957705     
0010001300042U 060000000000000000000000000000000000000000000000000000000000000000000000100000000000000097100000000000000000000000000000000601201709012017            000000000000000                              000                           
0010001300043T 170180230000001544772 29577050138658138   7               00000000000000000007500021000360                         0900000000000010000000000000000000000000000000000000000   000000000000000000000070003        170192957705     
0010001300044U 170000000000000000000000000000000000000000000000000000000000000000000000075000000000000068000000000000000000000000000000000601201709012017            000000000000000                              000                           
0010001300045T 060180230000001544772 29577050147902530   788888888888889906012017000000000007500104030840888888888888899          0900000000000010000000000000000000000000000000000000000   000000000000000000000029000        170192957705     
0010001300046U 060000000000000000000000000000000000000000000000000000000000000000000000075000000000000072100000000000000000000000000000000601201709012017            000000000000000                              000                           
0010001300047T 060180230000001544772 29577050150136163   788888888888889906012017000000000007500001031305888888888888899          0900000000000010000000000000000000000000000000000000000   000000000000000000000029000        170192957705     
0010001300048U 060000000000000000000000000000000000000000000000000000000000000000000000075000000000000072100000000000000000000000000000000601201709012017            000000000000000                              000                           
0010001300049T 170180230000001544772 29577050152939214   7               00000000000000000007500021001190                         0900000000000010000000000000000000000000000000000000000   000000000000000000000070003        170192957705     
0010001300050U 170000000000000000000000000000000000000000000000000000000000000000000000075000000000000068000000000000000000000000000000000601201709012017            000000000000000                              000                           
0010001300051T 170180230000001544772 29577050159417124   7               00000000000000000007500021002770                         0900000000000010000000000000000000000000000000000000000   000000000000000000000070003        170192957705     
0010001300052U 170000000000000000000000000000000000000000000000000000000000000000000000075000000000000068000000000000000000000000000000000601201709012017            000000000000000                              000                           
0010001300053T 170180230000001544772 29577050159709278   7               00000000000000000007500237018950                         0900000000000010000000000000000000000000000000000000000   000000000000000000000070003        170192957705     
0010001300054U 170000000000000000000000000000000000000000000000000000000000000000000000075000000000000068000000000000000000000000000000000601201709012017            000000000000000                              000                           
0010001300055T 170180230000001544772 29577050159959695   7               00000000000000000007500341064060                         0900000000000010000000000000000000000000000000000000000   000000000000000000000070003        170192957705     
0010001300056U 170000000000000000000000000000000000000000000000000000000000000000000000075000000000000068000000000000000000000000000000000601201709012017            000000000000000                              000                           
0010001300057T 170180230000001544772 29577050161558670   7               00000000000000000007500341078640                         0900000000000010000000000000000000000000000000000000000   000000000000000000000070003        170192957705     
0010001300058U 170000000000000000000000000000000000000000000000000000000000000000000000075000000000000068000000000000000000000000000000000601201709012017            000000000000000                              000                           
0010001300059T 170180230000001544772 29577050166115688   7               00000000000000000010000104008500                         0900000000000010000000000000000000000000000000000000000   000000000000000000000070003        170192957705     
0010001300060U 170000000000000000000000000000000000000000000000000000000000000000000000100000000000000093000000000000000000000000000000000601201709012017            000000000000000                              000                           
00100015         000062000636000000000049015000000000000000000000000000000000000000000000000000000000000000000000000000000000000000000000000000000                                                                                              
00199999         000001000064000000                                                                                                                                                            00000000000000000000000000000                    
