00100000         2247745860001000029577050014       0180230000001544772 INSTITUTO DE SELECAO E TECNOLOBANCO DO BRASIL                         20901201702213900004203000000515122941PROCESSAMEN                                                 
00100011T0100020 20247745860001000029577050014       0180230000001544772 INSTITUTO DE SELECAO E TECNOLO                                                                                000000000901201700000000  000000000                      
0010001300001T 020180230000001544772 29577050020731019   788888888888889910012017000000000007500001012416888888888888899          0900000000000010000000000000000000000000000000000000000   0000000000000000000000000A9        170192957705     
0010001300002U 020000000000000000000000000000000000000000000000000000000000000000000000000000000000000000000000000000000000000000000000000901201700000000            000000000000000                              000                           
0010001300003T 020180230000001544772 29577050044355008   788888888888889909012017000000000007500001000213888888888888899          0900000000000010000000000000000000000000000000000000000   0000000000000000000000000A9        170192957705     
0010001300004U 020000000000000000000000000000000000000000000000000000000000000000000000000000000000000000000000000000000000000000000000000901201700000000            000000000000000                              000                           
0010001300005T 020180230000001544772 29577050047701671   788888888888889909012017000000000007500001012416888888888888899          0900000000000010500000000000000000000000000000000000000   0000000000000000000000000A9A4      170192957705     
0010001300006U 020000000000000000000000000000000000000000000000000000000000000000000000000000000000000000000000000000000000000000000000000901201700000000            000000000000000                              000                           
0010001300007T 020180230000001544772 29577050091244650   78888888888888991001201700000000000750000103049X888888888888899          0900000000000010000000000000000000000000000000000000000   0000000000000000000000000A9        170192957705     
0010001300008U 020000000000000000000000000000000000000000000000000000000000000000000000000000000000000000000000000000000000000000000000000901201700000000            000000000000000                              000                           
0010001300009T 020180230000001544772 29577050091730031   78888888888888990901201700000000000750000103049X888888888888899          0900000000000010500000000000000000000000000000000000000   0000000000000000000000000A9A4      170192957705     
0010001300010U 020000000000000000000000000000000000000000000000000000000000000000000000000000000000000000000000000000000000000000000000000901201700000000            000000000000000                              000                           
0010001300011T 020180230000001544772 29577050093620852   788888888888889910012017000000000007500001000213888888888888899          0900000000000010000000000000000000000000000000000000000   0000000000000000000000000A9        170192957705     
0010001300012U 020000000000000000000000000000000000000000000000000000000000000000000000000000000000000000000000000000000000000000000000000901201700000000            000000000000000                              000                           
0010001300013T 020180230000001544772 29577050101637913   788888888888889909012017000000000007500001012416888888888888899          0900000000000010000000000000000000000000000000000000000   0000000000000000000000000A9        170192957705     
0010001300014U 020000000000000000000000000000000000000000000000000000000000000000000000000000000000000000000000000000000000000000000000000901201700000000            000000000000000                              000                           
0010001300015T 020180230000001544772 29577050102254805   788888888888889910012017000000000007500001012408888888888888899          0900000000000010000000000000000000000000000000000000000   0000000000000000000000000A9        170192957705     
0010001300016U 020000000000000000000000000000000000000000000000000000000000000000000000000000000000000000000000000000000000000000000000000901201700000000            000000000000000                              000                           
0010001300017T 020180230000001544772 29577050103906690   788888888888889909012017000000000007500001014389888888888888899          0900000000000010000000000000000000000000000000000000000   0000000000000000000000000A9        170192957705     
0010001300018U 020000000000000000000000000000000000000000000000000000000000000000000000000000000000000000000000000000000000000000000000000901201700000000            000000000000000                              000                           
0010001300019T 020180230000001544772 29577050108204263   788888888888889910012017000000000007500001012416888888888888899          0900000000000010000000000000000000000000000000000000000   0000000000000000000000000A9        170192957705     
0010001300020U 020000000000000000000000000000000000000000000000000000000000000000000000000000000000000000000000000000000000000000000000000901201700000000            000000000000000                              000                           
0010001300021T 020180230000001544772 29577050119424258   788888888888889910012017000000000007500001000213888888888888899          0900000000000010000000000000000000000000000000000000000   0000000000000000000000000A9        170192957705     
0010001300022U 020000000000000000000000000000000000000000000000000000000000000000000000000000000000000000000000000000000000000000000000000901201700000000            000000000000000                              000                           
0010001300023T 020180230000001544772 29577050129412376   788888888888889909012017000000000010000001012408888888888888899          0900000000000010000000000000000000000000000000000000000   0000000000000000000000000A9        170192957705     
0010001300024U 020000000000000000000000000000000000000000000000000000000000000000000000000000000000000000000000000000000000000000000000000901201700000000            000000000000000                              000                           
0010001300025T 020180230000001544772 29577050130509507   78888888888888991001201700000000000750000103049X888888888888899          0900000000000010000000000000000000000000000000000000000   0000000000000000000000000A9        170192957705     
0010001300026U 020000000000000000000000000000000000000000000000000000000000000000000000000000000000000000000000000000000000000000000000000901201700000000            000000000000000                              000                           
0010001300027T 020180230000001544772 29577050130517277   78888888888888991101201700000000000750000103049X888888888888899          0900000000000010000000000000000000000000000000000000000   0000000000000000000000000A9        170192957705     
0010001300028U 020000000000000000000000000000000000000000000000000000000000000000000000000000000000000000000000000000000000000000000000000901201700000000            000000000000000                              000                           
0010001300029T 020180230000001544772 29577050130550996   78888888888888990901201700000000000750000103049X888888888888899          0900000000000010000000000000000000000000000000000000000   0000000000000000000000000A9        170192957705     
0010001300030U 020000000000000000000000000000000000000000000000000000000000000000000000000000000000000000000000000000000000000000000000000901201700000000            000000000000000                              000                           
0010001300031T 020180230000001544772 29577050130555193   78888888888888991001201700000000000750000103049X888888888888899          0900000000000010000000000000000000000000000000000000000   0000000000000000000000000A9        170192957705     
0010001300032U 020000000000000000000000000000000000000000000000000000000000000000000000000000000000000000000000000000000000000000000000000901201700000000            000000000000000                              000                           
0010001300033T 020180230000001544772 29577050156811102   788888888888889911012017000000000007500001000213888888888888899          0900000000000010000000000000000000000000000000000000000   0000000000000000000000000A9        170192957705     
0010001300034U 020000000000000000000000000000000000000000000000000000000000000000000000000000000000000000000000000000000000000000000000000901201700000000            000000000000000                              000                           
0010001300035T 020180230000001544772 29577050156849887   788888888888889909012017000000000007500001000213888888888888899          0900000000000010000000000000000000000000000000000000000   0000000000000000000000000A9        170192957705     
0010001300036U 020000000000000000000000000000000000000000000000000000000000000000000000000000000000000000000000000000000000000000000000000901201700000000            000000000000000                              000                           
0010001300037T 020180230000001544772 29577050160311207   78888888888888991001201700000000000750000103049X888888888888899          0900000000000010000000000000000000000000000000000000000   0000000000000000000000000A9        170192957705     
0010001300038U 020000000000000000000000000000000000000000000000000000000000000000000000000000000000000000000000000000000000000000000000000901201700000000            000000000000000                              000                           
0010001300039T 020180230000001544772 29577050160450883   78888888888888991001201700000000000750000103049X888888888888899          0900000000000010000000000000000000000000000000000000000   0000000000000000000000000A9        170192957705     
0010001300040U 020000000000000000000000000000000000000000000000000000000000000000000000000000000000000000000000000000000000000000000000000901201700000000            000000000000000                              000                           
0010001300041T 020180230000001544772 29577050168912432   78888888888888990901201700000000000750000100829X888888888888899          0900000000000010000000000000000000000000000000000000000   0000000000000000000000000A9        170192957705     
0010001300042U 020000000000000000000000000000000000000000000000000000000000000000000000000000000000000000000000000000000000000000000000000901201700000000            000000000000000                              000                           
0010001300043T 020180230000001544772 29577050169137789   788888888888889909012017000000000007500001000213888888888888899          0900000000000010000000000000000000000000000000000000000   0000000000000000000000000A9        170192957705     
0010001300044U 020000000000000000000000000000000000000000000000000000000000000000000000000000000000000000000000000000000000000000000000000901201700000000            000000000000000                              000                           
0010001300045T 020180230000001544772 29577050169219679   788888888888889909012017000000000007500001012416888888888888899          0900000000000010000000000000000000000000000000000000000   0000000000000000000000000A9        170192957705     
0010001300046U 020000000000000000000000000000000000000000000000000000000000000000000000000000000000000000000000000000000000000000000000000901201700000000            000000000000000                              000                           
0010001300047T 020180230000001544772 29577050169530897   788888888888889909012017000000000007500001012416888888888888899          0900000000000010000000000000000000000000000000000000000   0000000000000000000000000A9        170192957705     
0010001300048U 020000000000000000000000000000000000000000000000000000000000000000000000000000000000000000000000000000000000000000000000000901201700000000            000000000000000                              000                           
0010001300049T 020180230000001544772 29577050169601000   788888888888889909012017000000000007500001012416888888888888899          0900000000000010000000000000000000000000000000000000000   0000000000000000000000000A9        170192957705     
0010001300050U 020000000000000000000000000000000000000000000000000000000000000000000000000000000000000000000000000000000000000000000000000901201700000000            000000000000000                              000                           
0010001300051T 020180230000001544772 29577050169712161   78888888888888991001201700000000000750000103049X888888888888899          0900000000000010000000000000000000000000000000000000000   0000000000000000000000000A9        170192957705     
0010001300052U 020000000000000000000000000000000000000000000000000000000000000000000000000000000000000000000000000000000000000000000000000901201700000000            000000000000000                              000                           
0010001300053T 020180230000001544772 29577050169855356   788888888888889910012017000000000007500001000833888888888888899          0900000000000010000000000000000000000000000000000000000   0000000000000000000000000A9        170192957705     
0010001300054U 020000000000000000000000000000000000000000000000000000000000000000000000000000000000000000000000000000000000000000000000000901201700000000            000000000000000                              000                           
0010001300055T 020180230000001544772 29577050169901770   78888888888888991001201700000000000750000103049X888888888888899          0900000000000010000000000000000000000000000000000000000   0000000000000000000000000A9        170192957705     
0010001300056U 020000000000000000000000000000000000000000000000000000000000000000000000000000000000000000000000000000000000000000000000000901201700000000            000000000000000                              000                           
0010001300057T 020180230000001544772 29577050170046642   788888888888889910012017000000000007500001001120888888888888899          0900000000000010000000000000000000000000000000000000000   0000000000000000000000000A9        170192957705     
0010001300058U 020000000000000000000000000000000000000000000000000000000000000000000000000000000000000000000000000000000000000000000000000901201700000000            000000000000000                              000                           
0010001300059T 020180230000001544772 29577050170106046   788888888888889910012017000000000007500001012408888888888888899          0900000000000010500000000000000000000000000000000000000   0000000000000000000000000A9A4      170192957705     
0010001300060U 020000000000000000000000000000000000000000000000000000000000000000000000000000000000000000000000000000000000000000000000000901201700000000            000000000000000                              000                           
0010001300061T 020180230000001544772 29577050170139606   788888888888889910012017000000000007500001012408888888888888899          0900000000000010500000000000000000000000000000000000000   0000000000000000000000000A9A4      170192957705     
0010001300062U 020000000000000000000000000000000000000000000000000000000000000000000000000000000000000000000000000000000000000000000000000901201700000000            000000000000000                              000                           
0010001300063T 020180230000001544772 29577050170255252   788888888888889910012017000000000007500001000213888888888888899          0900000000000010000000000000000000000000000000000000000   0000000000000000000000000A9        170192957705     
0010001300064U 020000000000000000000000000000000000000000000000000000000000000000000000000000000000000000000000000000000000000000000000000901201700000000            000000000000000                              000                           
0010001300065T 020180230000001544772 29577050170340388   788888888888889910012017000000000007500001012408888888888888899          0900000000000010000000000000000000000000000000000000000   0000000000000000000000000A9        170192957705     
0010001300066U 020000000000000000000000000000000000000000000000000000000000000000000000000000000000000000000000000000000000000000000000000901201700000000            000000000000000                              000                           
0010001300067T 020180230000001544772 29577050170418489   788888888888889910012017000000000007500001027502888888888888899          0900000000000010000000000000000000000000000000000000000   0000000000000000000000000A9        170192957705     
0010001300068U 020000000000000000000000000000000000000000000000000000000000000000000000000000000000000000000000000000000000000000000000000901201700000000            000000000000000                              000                           
0010001300069T 020180230000001544772 29577050170507648   788888888888889910012017000000000007500001012408888888888888899          0900000000000010000000000000000000000000000000000000000   0000000000000000000000000A9        170192957705     
0010001300070U 020000000000000000000000000000000000000000000000000000000000000000000000000000000000000000000000000000000000000000000000000901201700000000            000000000000000                              000                           
0010001300071T 020180230000001544772 29577050170753698   788888888888889910012017000000000007500001012408888888888888899          0900000000000010000000000000000000000000000000000000000   0000000000000000000000000A9        170192957705     
0010001300072U 020000000000000000000000000000000000000000000000000000000000000000000000000000000000000000000000000000000000000000000000000901201700000000            000000000000000                              000                           
0010001300073T 020180230000001544772 29577050170951952   78888888888888991001201700000000000750000103049X888888888888899          0900000000000010000000000000000000000000000000000000000   0000000000000000000000000A9        170192957705     
0010001300074U 020000000000000000000000000000000000000000000000000000000000000000000000000000000000000000000000000000000000000000000000000901201700000000            000000000000000                              000                           
0010001300075T 020180230000001544772 29577050171034828   78888888888888991001201700000000000750000103049X888888888888899          0900000000000010000000000000000000000000000000000000000   0000000000000000000000000A9        170192957705     
0010001300076U 020000000000000000000000000000000000000000000000000000000000000000000000000000000000000000000000000000000000000000000000000901201700000000            000000000000000                              000                           
0010001300077T 020180230000001544772 29577050171158896   788888888888889910012017000000000007500001002097888888888888899          0900000000000010000000000000000000000000000000000000000   0000000000000000000000000A9        170192957705     
0010001300078U 020000000000000000000000000000000000000000000000000000000000000000000000000000000000000000000000000000000000000000000000000901201700000000            000000000000000                              000                           
0010001300079T 020180230000001544772 29577050171243865   788888888888889910012017000000000007500001000213888888888888899          0900000000000010500000000000000000000000000000000000000   0000000000000000000000000A9A4      170192957705     
0010001300080U 020000000000000000000000000000000000000000000000000000000000000000000000000000000000000000000000000000000000000000000000000901201700000000            000000000000000                              000                           
0010001300081T 020180230000001544772 29577050171330435   788888888888889910012017000000000007500001012408888888888888899          0900000000000010000000000000000000000000000000000000000   0000000000000000000000000A9        170192957705     
0010001300082U 020000000000000000000000000000000000000000000000000000000000000000000000000000000000000000000000000000000000000000000000000901201700000000            000000000000000                              000                           
0010001300083T 020180230000001544772 29577050171657352   788888888888889910012017000000000007500001000213888888888888899          0900000000000010000000000000000000000000000000000000000   0000000000000000000000000A9        170192957705     
0010001300084U 020000000000000000000000000000000000000000000000000000000000000000000000000000000000000000000000000000000000000000000000000901201700000000            000000000000000                              000                           
0010001300085T 020180230000001544772 29577050171730767   788888888888889910012017000000000007500001000213888888888888899          0900000000000010000000000000000000000000000000000000000   0000000000000000000000000A9        170192957705     
0010001300086U 020000000000000000000000000000000000000000000000000000000000000000000000000000000000000000000000000000000000000000000000000901201700000000            000000000000000                              000                           
0010001300087T 020180230000001544772 29577050171826530   788888888888889910012017000000000007500001000213888888888888899          0900000000000010000000000000000000000000000000000000000   0000000000000000000000000A9        170192957705     
0010001300088U 020000000000000000000000000000000000000000000000000000000000000000000000000000000000000000000000000000000000000000000000000901201700000000            000000000000000                              000                           
0010001300089T 020180230000001544772 29577050171927913   788888888888889910012017000000000007500001012408888888888888899          0900000000000010000000000000000000000000000000000000000   0000000000000000000000000A9        170192957705     
0010001300090U 020000000000000000000000000000000000000000000000000000000000000000000000000000000000000000000000000000000000000000000000000901201700000000            000000000000000                              000                           
0010001300091T 020180230000001544772 29577050172030073   788888888888889910012017000000000007500001000213888888888888899          0900000000000010000000000000000000000000000000000000000   0000000000000000000000000A9        170192957705     
0010001300092U 020000000000000000000000000000000000000000000000000000000000000000000000000000000000000000000000000000000000000000000000000901201700000000            000000000000000                              000                           
0010001300093T 020180230000001544772 29577050174529593   788888888888889911012017000000000007500001000213888888888888899          0900000000000010000000000000000000000000000000000000000   0000000000000000000000000A9        170192957705     
0010001300094U 020000000000000000000000000000000000000000000000000000000000000000000000000000000000000000000000000000000000000000000000000901201700000000            000000000000000                              000                           
0010001300095T 020180230000001544772 29577050175530053   788888888888889911012017000000000007500001000213888888888888899          0900000000000010000000000000000000000000000000000000000   0000000000000000000000000A9        170192957705     
0010001300096U 020000000000000000000000000000000000000000000000000000000000000000000000000000000000000000000000000000000000000000000000000901201700000000            000000000000000                              000                           
0010001300097T 020180230000001544772 29577050175639433   788888888888889911012017000000000007500001004782888888888888899          0900000000000010000000000000000000000000000000000000000   0000000000000000000000000A9        170192957705     
0010001300098U 020000000000000000000000000000000000000000000000000000000000000000000000000000000000000000000000000000000000000000000000000901201700000000            000000000000000                              000                           
0010001300099T 020180230000001544772 29577050175845508   788888888888889911012017000000000007500001012408888888888888899          0900000000000010000000000000000000000000000000000000000   0000000000000000000000000A9        170192957705     
0010001300100U 020000000000000000000000000000000000000000000000000000000000000000000000000000000000000000000000000000000000000000000000000901201700000000            000000000000000                              000                           
0010001300101T 020180230000001544772 29577050176049502   788888888888889911012017000000000007500001012416888888888888899          0900000000000010000000000000000000000000000000000000000   0000000000000000000000000A9        170192957705     
0010001300102U 020000000000000000000000000000000000000000000000000000000000000000000000000000000000000000000000000000000000000000000000000901201700000000            000000000000000                              000                           
0010001300103T 020180230000001544772 29577050176150052   78888888888888991101201700000000000750000103049X888888888888899          0900000000000010000000000000000000000000000000000000000   0000000000000000000000000A9        170192957705     
0010001300104U 020000000000000000000000000000000000000000000000000000000000000000000000000000000000000000000000000000000000000000000000000901201700000000            000000000000000                              000                           
0010001300105T 020180230000001544772 29577050176201789   788888888888889911012017000000000007500001038784888888888888899          0900000000000010000000000000000000000000000000000000000   0000000000000000000000000A9        170192957705     
0010001300106U 020000000000000000000000000000000000000000000000000000000000000000000000000000000000000000000000000000000000000000000000000901201700000000            000000000000000                              000                           
0010001300107T 020180230000001544772 29577050176224236   788888888888889911012017000000000007500001038784888888888888899          0900000000000010000000000000000000000000000000000000000   0000000000000000000000000A9        170192957705     
0010001300108U 020000000000000000000000000000000000000000000000000000000000000000000000000000000000000000000000000000000000000000000000000901201700000000            000000000000000                              000                           
0010001300109T 020180230000001544772 29577050176313627   788888888888889911012017000000000007500001012408888888888888899          0900000000000010000000000000000000000000000000000000000   0000000000000000000000000A9        170192957705     
0010001300110U 020000000000000000000000000000000000000000000000000000000000000000000000000000000000000000000000000000000000000000000000000901201700000000            000000000000000                              000                           
0010001300111T 020180230000001544772 29577050176317992   788888888888889911012017000000000007500001012408888888888888899          0900000000000010000000000000000000000000000000000000000   0000000000000000000000000A9        170192957705     
0010001300112U 020000000000000000000000000000000000000000000000000000000000000000000000000000000000000000000000000000000000000000000000000901201700000000            000000000000000                              000                           
0010001300113T 020180230000001544772 29577050176514617   788888888888889911012017000000000010000001000051888888888888899          0900000000000010000000000000000000000000000000000000000   0000000000000000000000000A9        170192957705     
0010001300114U 020000000000000000000000000000000000000000000000000000000000000000000000000000000000000000000000000000000000000000000000000901201700000000            000000000000000                              000                           
0010001300115T 020180230000001544772 29577050176614473   788888888888889911012017000000000007500001002224888888888888899          0900000000000010000000000000000000000000000000000000000   0000000000000000000000000A9        170192957705     
0010001300116U 020000000000000000000000000000000000000000000000000000000000000000000000000000000000000000000000000000000000000000000000000901201700000000            000000000000000                              000                           
0010001300117T 020180230000001544772 29577050176758719   788888888888889911012017000000000007500001012408888888888888899          0900000000000010000000000000000000000000000000000000000   0000000000000000000000000A9        170192957705     
0010001300118U 020000000000000000000000000000000000000000000000000000000000000000000000000000000000000000000000000000000000000000000000000901201700000000            000000000000000                              000                           
0010001300119T 020180230000001544772 29577050176819807   78888888888888991101201700000000000750000103049X888888888888899          0900000000000010000000000000000000000000000000000000000   0000000000000000000000000A9        170192957705     
0010001300120U 020000000000000000000000000000000000000000000000000000000000000000000000000000000000000000000000000000000000000000000000000901201700000000            000000000000000                              000                           
0010001300121T 020180230000001544772 29577050176855267   78888888888888991101201700000000000750000103049X888888888888899          0900000000000010000000000000000000000000000000000000000   0000000000000000000000000A9        170192957705     
0010001300122U 020000000000000000000000000000000000000000000000000000000000000000000000000000000000000000000000000000000000000000000000000901201700000000            000000000000000                              000                           
0010001300123T 020180230000001544772 29577050177011136   788888888888889911012017000000000007500001036781888888888888899          0900000000000010000000000000000000000000000000000000000   0000000000000000000000000A9        170192957705     
0010001300124U 020000000000000000000000000000000000000000000000000000000000000000000000000000000000000000000000000000000000000000000000000901201700000000            000000000000000                              000                           
0010001300125T 020180230000001544772 29577050177151588   78888888888888991101201700000000000750000103049X888888888888899          0900000000000010000000000000000000000000000000000000000   0000000000000000000000000A9        170192957705     
0010001300126U 020000000000000000000000000000000000000000000000000000000000000000000000000000000000000000000000000000000000000000000000000901201700000000            000000000000000                              000                           
0010001300127T 020180230000001544772 29577050177317953   78888888888888991101201700000000000750000103049X888888888888899          0900000000000010000000000000000000000000000000000000000   0000000000000000000000000A9        170192957705     
0010001300128U 020000000000000000000000000000000000000000000000000000000000000000000000000000000000000000000000000000000000000000000000000901201700000000            000000000000000                              000                           
0010001300129T 020180230000001544772 29577050177447319   78888888888888991101201700000000000750000103049X888888888888899          0900000000000010000000000000000000000000000000000000000   0000000000000000000000000A9        170192957705     
0010001300130U 020000000000000000000000000000000000000000000000000000000000000000000000000000000000000000000000000000000000000000000000000901201700000000            000000000000000                              000                           
0010001300131T 020180230000001544772 29577050177511457   788888888888889911012017000000000007500001007617888888888888899          0900000000000010000000000000000000000000000000000000000   0000000000000000000000000A9        170192957705     
0010001300132U 020000000000000000000000000000000000000000000000000000000000000000000000000000000000000000000000000000000000000000000000000901201700000000            000000000000000                              000                           
0010001300133T 020180230000001544772 29577050177652140   788888888888889911012017000000000007500001004782888888888888899          0900000000000010000000000000000000000000000000000000000   0000000000000000000000000A9        170192957705     
0010001300134U 020000000000000000000000000000000000000000000000000000000000000000000000000000000000000000000000000000000000000000000000000901201700000000            000000000000000                              000                           
0010001300135T 020180230000001544772 29577050177718751   788888888888889911012017000000000007500001012408888888888888899          0900000000000010000000000000000000000000000000000000000   0000000000000000000000000A9        170192957705     
0010001300136U 020000000000000000000000000000000000000000000000000000000000000000000000000000000000000000000000000000000000000000000000000901201700000000            000000000000000                              000                           
0010001300137T 020180230000001544772 29577050177801372   78888888888888991101201700000000000750000103049X888888888888899          0900000000000010000000000000000000000000000000000000000   0000000000000000000000000A9        170192957705     
0010001300138U 020000000000000000000000000000000000000000000000000000000000000000000000000000000000000000000000000000000000000000000000000901201700000000            000000000000000                              000                           
0010001300139T 020180230000001544772 29577050177927683   788888888888889911012017000000000010000001000051888888888888899          0900000000000010000000000000000000000000000000000000000   0000000000000000000000000A9        170192957705     
0010001300140U 020000000000000000000000000000000000000000000000000000000000000000000000000000000000000000000000000000000000000000000000000901201700000000            000000000000000                              000                           
0010001300141T 020180230000001544772 29577050178009774   788888888888889911012017000000000007500001012408888888888888899          0900000000000010000000000000000000000000000000000000000   0000000000000000000000000A9        170192957705     
0010001300142U 020000000000000000000000000000000000000000000000000000000000000000000000000000000000000000000000000000000000000000000000000901201700000000            000000000000000                              000                           
0010001300143T 020180230000001544772 29577050178231870   78888888888888991101201700000000000750000103049X888888888888899          0900000000000010000000000000000000000000000000000000000   0000000000000000000000000A9        170192957705     
0010001300144U 020000000000000000000000000000000000000000000000000000000000000000000000000000000000000000000000000000000000000000000000000901201700000000            000000000000000                              000                           
0010001300145T 020180230000001544772 29577050178244405   78888888888888991101201700000000000750000103049X888888888888899          0900000000000010000000000000000000000000000000000000000   0000000000000000000000000A9        170192957705     
0010001300146U 020000000000000000000000000000000000000000000000000000000000000000000000000000000000000000000000000000000000000000000000000901201700000000            000000000000000                              000                           
0010001300147T 020180230000001544772 29577050178248616   78888888888888991101201700000000000750000103049X888888888888899          0900000000000010000000000000000000000000000000000000000   0000000000000000000000000A9        170192957705     
0010001300148U 020000000000000000000000000000000000000000000000000000000000000000000000000000000000000000000000000000000000000000000000000901201700000000            000000000000000                              000                           
0010001300149T 020180230000001544772 29577050178311825   78888888888888991101201700000000000750000103049X888888888888899          0900000000000010000000000000000000000000000000000000000   0000000000000000000000000A9        170192957705     
0010001300150U 020000000000000000000000000000000000000000000000000000000000000000000000000000000000000000000000000000000000000000000000000901201700000000            000000000000000                              000                           
0010001300151T 020180230000001544772 29577050178335285   78888888888888991101201700000000000750000103049X888888888888899          0900000000000010000000000000000000000000000000000000000   0000000000000000000000000A9        170192957705     
0010001300152U 020000000000000000000000000000000000000000000000000000000000000000000000000000000000000000000000000000000000000000000000000901201700000000            000000000000000                              000                           
0010001300153T 020180230000001544772 29577050178356244   78888888888888991101201700000000000750000103049X888888888888899          0900000000000010000000000000000000000000000000000000000   0000000000000000000000000A9        170192957705     
0010001300154U 020000000000000000000000000000000000000000000000000000000000000000000000000000000000000000000000000000000000000000000000000901201700000000            000000000000000                              000                           
0010001300155T 020180230000001544772 29577050178542078   788888888888889911012017000000000007500001012408888888888888899          0900000000000010500000000000000000000000000000000000000   0000000000000000000000000A9A4      170192957705     
0010001300156U 020000000000000000000000000000000000000000000000000000000000000000000000000000000000000000000000000000000000000000000000000901201700000000            000000000000000                              000                           
0010001300157T 020180230000001544772 29577050178648186   788888888888889911012017000000000007500001012408888888888888899          0900000000000010000000000000000000000000000000000000000   0000000000000000000000000A9        170192957705     
0010001300158U 020000000000000000000000000000000000000000000000000000000000000000000000000000000000000000000000000000000000000000000000000901201700000000            000000000000000                              000                           
0010001300159T 020180230000001544772 29577050178718364   788888888888889911012017000000000007500001012416888888888888899          0900000000000010000000000000000000000000000000000000000   0000000000000000000000000A9        170192957705     
0010001300160U 020000000000000000000000000000000000000000000000000000000000000000000000000000000000000000000000000000000000000000000000000901201700000000            000000000000000                              000                           
0010001300161T 020180230000001544772 29577050178811392   788888888888889911012017000000000007500001000051888888888888899          0900000000000010500000000000000000000000000000000000000   0000000000000000000000000A9A4      170192957705     
0010001300162U 020000000000000000000000000000000000000000000000000000000000000000000000000000000000000000000000000000000000000000000000000901201700000000            000000000000000                              000                           
0010001300163T 020180230000001544772 29577050179028214   788888888888889911012017000000000007500001004782888888888888899          0900000000000010000000000000000000000000000000000000000   0000000000000000000000000A9        170192957705     
0010001300164U 020000000000000000000000000000000000000000000000000000000000000000000000000000000000000000000000000000000000000000000000000901201700000000            000000000000000                              000                           
0010001300165T 020180230000001544772 29577058899889979   7               11012017000000000007500001000213                         0900000000000010000000000000000000000000000000000000000   0000000000000000000000000A9        170192957705     
0010001300166U 020000000000000000000000000000000000000000000000000000000000000000000000000000000000000000000000000000000000000000000000000901201700000000            000000000000000                              000                           
0010001300167T 020180230000001544772 29577058899889981   7               11012017000000000007500001000213                         0900000000000010000000000000000000000000000000000000000   0000000000000000000000000A9        170192957705     
0010001300168U 020000000000000000000000000000000000000000000000000000000000000000000000000000000000000000000000000000000000000000000000000901201700000000            000000000000000                              000                           
0010001300169T 170180230000001544772 29577050081459256   7               00000000000000000007500104031320                         0900000000000010000000000000000000000000000000000000000   000000000000000000000070003        170192957705     
0010001300170U 170000000000000000000000000000000000000000000000000000000000000000000000075000000000000068000000000000000000000000000000000901201710012017            000000000000000                              000                           
0010001300171T 170180230000001544772 29577050093908465   7               00000000000000000010000104031390                         0900000000000010000000000000000000000000000000000000000   000000000000000000000070003        170192957705     
0010001300172U 170000000000000000000000000000000000000000000000000000000000000000000000100000000000000093000000000000000000000000000000000901201710012017            000000000000000                              000                           
0010001300173T 170180230000001544772 29577050108233746   7               00000000000000000007500021001050                         0900000000000010000000000000000000000000000000000000000   000000000000000000000070003        170192957705     
0010001300174U 170000000000000000000000000000000000000000000000000000000000000000000000075000000000000068000000000000000000000000000000000901201710012017            000000000000000                              000                           
0010001300175T 170180230000001544772 29577050120659230   7               00000000000000000007500341078640                         0900000000000010000000000000000000000000000000000000000   000000000000000000000070003        170192957705     
0010001300176U 170000000000000000000000000000000000000000000000000000000000000000000000075000000000000068000000000000000000000000000000000901201710012017            000000000000000                              000                           
0010001300177T 170180230000001544772 29577050129408652   7               00000000000000000010000341078780                         0900000000000010000000000000000000000000000000000000000   000000000000000000000070003        170192957705     
0010001300178U 170000000000000000000000000000000000000000000000000000000000000000000000100000000000000093000000000000000000000000000000000901201710012017            000000000000000                              000                           
0010001300179T 170180230000001544772 29577050147018590   7               00000000000000000007500104020990                         0900000000000010000000000000000000000000000000000000000   000000000000000000000070003        170192957705     
0010001300180U 170000000000000000000000000000000000000000000000000000000000000000000000075000000000000068000000000000000000000000000000000901201710012017            000000000000000                              000                           
0010001300181T 170180230000001544772 29577050160211613   7               00000000000000000010000341087960                         0900000000000010000000000000000000000000000000000000000   000000000000000000000070003        170192957705     
0010001300182U 170000000000000000000000000000000000000000000000000000000000000000000000100000000000000093000000000000000000000000000000000901201710012017            000000000000000                              000                           
0010001300183T 170180230000001544772 29577050160314875   7               00000000000000000007500001031933                         0900000000000010000000000000000000000000000000000000000   000000000000000000000070003        170192957705     
0010001300184U 170000000000000000000000000000000000000000000000000000000000000000000000075000000000000068000000000000000000000000000000000901201710012017            000000000000000                              000                           
0010001300185T 170180230000001544772 29577050162107827   7               00000000000000000007500001024961                         0900000000000010000000000000000000000000000000000000000   000000000000000000000070003        170192957705     
0010001300186U 170000000000000000000000000000000000000000000000000000000000000000000000075000000000000068000000000000000000000000000000000901201710012017            000000000000000                              000                           
0010001300187T 170180230000001544772 29577050162417230   7               00000000000000000007500341048670                         0900000000000010000000000000000000000000000000000000000   000000000000000000000070003        170192957705     
0010001300188U 170000000000000000000000000000000000000000000000000000000000000000000000075000000000000068000000000000000000000000000000000901201710012017            000000000000000                              000                           
0010001300189T 170180230000001544772 29577050162502685   7               00000000000000000007500104020420                         0900000000000010000000000000000000000000000000000000000   000000000000000000000070003        170192957705     
0010001300190U 170000000000000000000000000000000000000000000000000000000000000000000000075000000000000068000000000000000000000000000000000901201710012017            000000000000000                              000                           
0010001300191T 170180230000001544772 29577050162641442   7               00000000000000000007500104020420                         0900000000000010000000000000000000000000000000000000000   000000000000000000000070003        170192957705     
0010001300192U 170000000000000000000000000000000000000000000000000000000000000000000000075000000000000068000000000000000000000000000000000901201710012017            000000000000000                              000                           
0010001300193T 060180230000001544772 29577050163138144   788888888888889907012017000000000007500104036300888888888888899          0900000000000010000000000000000000000000000000000000000   000000000000000000000029000        170192957705     
0010001300194U 060000000000000000000000000000000000000000000000000000000000000000000000075000000000000072100000000000000000000000000000000901201710012017            000000000000000                              000                           
0010001300195T 170180230000001544772 29577050168826658   7               00000000000000000007500001029211                         0900000000000010000000000000000000000000000000000000000   000000000000000000000070003        170192957705     
0010001300196U 170000000000000000000000000000000000000000000000000000000000000000000000075000000000000068000000000000000000000000000000000901201710012017            000000000000000                              000                           
0010001300197T 060180230000001544772 29577050169530897   788888888888889909012017000000000007500021001050888888888888899          0900000000000010000000000000000000000000000000000000000   000000000000000000000029000        170192957705     
0010001300198U 060000000000000000000000000000000000000000000000000000000000000000000000075000000000000072100000000000000000000000000000000901201710012017            000000000000000                              000                           
0010001300199T 060180230000001544772 29577050169712161   788888888888889910012017000000000007500001007021888888888888899          0900000000000010000000000000000000000000000000000000000   000000000000000000000029000        170192957705     
0010001300200U 060000000000000000000000000000000000000000000000000000000000000000000000075000000000000072100000000000000000000000000000000901201710012017            000000000000000                              000                           
0010001300201T 060180230000001544772 29577050170046642   788888888888889910012017000000000007500104001720888888888888899          0900000000000010000000000000000000000000000000000000000   000000000000000000000029000        170192957705     
0010001300202U 060000000000000000000000000000000000000000000000000000000000000000000000075000000000000072100000000000000000000000000000000901201710012017            000000000000000                              000                           
0010001300203T 060180230000001544772 29577050170507648   788888888888889910012017000000000007500001031933888888888888899          0900000000000010000000000000000000000000000000000000000   000000000000000000000029000        170192957705     
0010001300204U 060000000000000000000000000000000000000000000000000000000000000000000000075000000000000072100000000000000000000000000000000901201710012017            000000000000000                              000                           
0010001300205T 170180230000001544772 29577050174046106   7               00000000000000000007500104020160                         0900000000000010000000000000000000000000000000000000000   000000000000000000000070003        170192957705     
0010001300206U 170000000000000000000000000000000000000000000000000000000000000000000000075000000000000068000000000000000000000000000000000901201710012017            000000000000000                              000                           
0010001300207T 170180230000001544772 29577050174301979   7               00000000000000000007500021002080                         0900000000000010000000000000000000000000000000000000000   000000000000000000000070003        170192957705     
0010001300208U 170000000000000000000000000000000000000000000000000000000000000000000000075000000000000068000000000000000000000000000000000901201710012017            000000000000000                              000                           
0010001300209T 060180230000001544772 29577050178311825   788888888888889911012017000000000007500237069140888888888888899          0900000000000010000000000000000000000000000000000000000   000000000000000000000029000        170192957705     
0010001300210U 060000000000000000000000000000000000000000000000000000000000000000000000075000000000000072100000000000000000000000000000000901201710012017            000000000000000                              000                           
0010001300211T 170180230000001544772 29577050179708339   7               00000000000000000007500237023130                         0900000000000010000000000000000000000000000000000000000   000000000000000000000070003        170192957705     
0010001300212U 170000000000000000000000000000000000000000000000000000000000000000000000075000000000000068000000000000000000000000000000000901201710012017            000000000000000                              000                           
0010001300213T 170180230000001544772 29577050180318686   7               00000000000000000007500104011120                         0900000000000010000000000000000000000000000000000000000   000000000000000000000070003        170192957705     
0010001300214U 170000000000000000000000000000000000000000000000000000000000000000000000075000000000000068000000000000000000000000000000000901201710012017            000000000000000                              000                           
0010001300215T 170180230000001544772 29577050187109926   7               00000000000000000007500341042930                         0900000000000010000000000000000000000000000000000000000   000000000000000000000070003        170192957705     
0010001300216U 170000000000000000000000000000000000000000000000000000000000000000000000075000000000000068000000000000000000000000000000000901201710012017            000000000000000                              000                           
0010001300217T 030180230000001544772 29577050174529593   78888888888888991101201700000000000750000100000 888888888888899          0900000000000000000000000000000000000000000000000000000   000000000000000000000000063        170192957705     
0010001300218U 030000000000000000000000000000000000000000000000000000000000000000000000000000000000000000000000000000000000000000000000000901201700000000            000000000000000                              000                           
0010001300219T 030180230000001544772 29577050176427426   78888888888888991101201700000000000750000100000 888888888888899          0900000000000000000000000000000000000000000000000000000   000000000000000000000000046        170192957705     
0010001300220U 030000000000000000000000000000000000000000000000000000000000000000000000000000000000000000000000000000000000000000000000000901201700000000            000000000000000                              000                           
00100015         000222000714000000000054940000000000000000000000000000000000000000000000000000000000000000000000000000000000000000000000000000000                                                                                              
00199999         000001000224000000                                                                                                                                                            00000000000000000000000000000                    
