00100000         2247745860001000029577050014       0180230000001544772 INSTITUTO DE SELECAO E TECNOLOBANCO DO BRASIL                         21601201702202000005203000000515122941PROCESSAMEN                                                 
00100011T0100020 20247745860001000029577050014       0180230000001544772 INSTITUTO DE SELECAO E TECNOLO                                                                                000000001601201700000000  000000000                      
0010001300001T 020180230000001544772 29577050000604390   788888888888889918012017000000000007500001000213888888888888899          0900000000000010000000000000000000000000000000000000000   0000000000000000000000000A9        170192957705     
0010001300002U 020000000000000000000000000000000000000000000000000000000000000000000000000000000000000000000000000000000000000000000000001601201700000000            000000000000000                              000                           
0010001300003T 020180230000001544772 29577050000605535   788888888888889918012017000000000007500001000213888888888888899          0900000000000010000000000000000000000000000000000000000   0000000000000000000000000A9        170192957705     
0010001300004U 020000000000000000000000000000000000000000000000000000000000000000000000000000000000000000000000000000000000000000000000001601201700000000            000000000000000                              000                           
0010001300005T 020180230000001544772 29577050000605866   788888888888889918012017000000000007500001000213888888888888899          0900000000000010000000000000000000000000000000000000000   0000000000000000000000000A9        170192957705     
0010001300006U 020000000000000000000000000000000000000000000000000000000000000000000000000000000000000000000000000000000000000000000000001601201700000000            000000000000000                              000                           
0010001300007T 020180230000001544772 29577050000611048   788888888888889918012017000000000007500001000213888888888888899          0900000000000010000000000000000000000000000000000000000   0000000000000000000000000A9        170192957705     
0010001300008U 020000000000000000000000000000000000000000000000000000000000000000000000000000000000000000000000000000000000000000000000001601201700000000            000000000000000                              000                           
0010001300009T 020180230000001544772 29577050000615689   788888888888889918012017000000000007500001000213888888888888899          0900000000000010000000000000000000000000000000000000000   0000000000000000000000000A9        170192957705     
0010001300010U 020000000000000000000000000000000000000000000000000000000000000000000000000000000000000000000000000000000000000000000000001601201700000000            000000000000000                              000                           
0010001300011T 020180230000001544772 29577050000616486   788888888888889918012017000000000007500001000213888888888888899          0900000000000010000000000000000000000000000000000000000   0000000000000000000000000A9        170192957705     
0010001300012U 020000000000000000000000000000000000000000000000000000000000000000000000000000000000000000000000000000000000000000000000001601201700000000            000000000000000                              000                           
0010001300013T 020180230000001544772 29577050000618041   788888888888889918012017000000000007500001000213888888888888899          0900000000000010000000000000000000000000000000000000000   0000000000000000000000000A9        170192957705     
0010001300014U 020000000000000000000000000000000000000000000000000000000000000000000000000000000000000000000000000000000000000000000000001601201700000000            000000000000000                              000                           
0010001300015T 020180230000001544772 29577050000625920   788888888888889918012017000000000007500001000213888888888888899          0900000000000010000000000000000000000000000000000000000   0000000000000000000000000A9        170192957705     
0010001300016U 020000000000000000000000000000000000000000000000000000000000000000000000000000000000000000000000000000000000000000000000001601201700000000            000000000000000                              000                           
0010001300017T 020180230000001544772 29577050000630869   788888888888889918012017000000000007500001000213888888888888899          0900000000000010000000000000000000000000000000000000000   0000000000000000000000000A9        170192957705     
0010001300018U 020000000000000000000000000000000000000000000000000000000000000000000000000000000000000000000000000000000000000000000000001601201700000000            000000000000000                              000                           
0010001300019T 020180230000001544772 29577050000637761   788888888888889918012017000000000007500001000213888888888888899          0900000000000010000000000000000000000000000000000000000   0000000000000000000000000A9        170192957705     
0010001300020U 020000000000000000000000000000000000000000000000000000000000000000000000000000000000000000000000000000000000000000000000001601201700000000            000000000000000                              000                           
0010001300021T 020180230000001544772 29577050000643844   788888888888889918012017000000000007500001000213888888888888899          0900000000000010000000000000000000000000000000000000000   0000000000000000000000000A9        170192957705     
0010001300022U 020000000000000000000000000000000000000000000000000000000000000000000000000000000000000000000000000000000000000000000000001601201700000000            000000000000000                              000                           
0010001300023T 020180230000001544772 29577050000645339   788888888888889918012017000000000007500001000213888888888888899          0900000000000010000000000000000000000000000000000000000   0000000000000000000000000A9        170192957705     
0010001300024U 020000000000000000000000000000000000000000000000000000000000000000000000000000000000000000000000000000000000000000000000001601201700000000            000000000000000                              000                           
0010001300025T 020180230000001544772 29577050000656041   788888888888889918012017000000000007500001000213888888888888899          0900000000000010000000000000000000000000000000000000000   0000000000000000000000000A9        170192957705     
0010001300026U 020000000000000000000000000000000000000000000000000000000000000000000000000000000000000000000000000000000000000000000000001601201700000000            000000000000000                              000                           
0010001300027T 020180230000001544772 29577050006304004   7               17012017000000000007500001012408                         0900000000000010000000000000000000000000000000000000000   0000000000000000000000000A9        170192957705     
0010001300028U 020000000000000000000000000000000000000000000000000000000000000000000000000000000000000000000000000000000000000000000000001501201700000000            000000000000000                              000                           
0010001300029T 020180230000001544772 29577050006307554   7               17012017000000000007500001012408                         0900000000000010000000000000000000000000000000000000000   0000000000000000000000000A9        170192957705     
0010001300030U 020000000000000000000000000000000000000000000000000000000000000000000000000000000000000000000000000000000000000000000000001501201700000000            000000000000000                              000                           
0010001300031T 020180230000001544772 29577050006346385   7               17012017000000000007500001012408                         0900000000000010000000000000000000000000000000000000000   0000000000000000000000000A9        170192957705     
0010001300032U 020000000000000000000000000000000000000000000000000000000000000000000000000000000000000000000000000000000000000000000000001501201700000000            000000000000000                              000                           
0010001300033T 020180230000001544772 29577050014401274   7               18012017000000000007500001000213                         0900000000000010000000000000000000000000000000000000000   0000000000000000000000000A9        170192957705     
0010001300034U 020000000000000000000000000000000000000000000000000000000000000000000000000000000000000000000000000000000000000000000000001601201700000000            000000000000000                              000                           
0010001300035T 020180230000001544772 29577050014450272   7               17012017000000000007500001000213                         0900000000000010000000000000000000000000000000000000000   0000000000000000000000000A9        170192957705     
0010001300036U 020000000000000000000000000000000000000000000000000000000000000000000000000000000000000000000000000000000000000000000000001501201700000000            000000000000000                              000                           
0010001300037T 020180230000001544772 29577050021513524   78888888888888991601201700000000000750000103049X888888888888899          0900000000000010500000000000000000000000000000000000000   0000000000000000000000000A9A4      170192957705     
0010001300038U 020000000000000000000000000000000000000000000000000000000000000000000000000000000000000000000000000000000000000000000000001601201700000000            000000000000000                              000                           
0010001300039T 020180230000001544772 29577050022250462   7               18012017000000000007500001000213                         0900000000000010000000000000000000000000000000000000000   0000000000000000000000000A9        170192957705     
0010001300040U 020000000000000000000000000000000000000000000000000000000000000000000000000000000000000000000000000000000000000000000000001601201700000000            000000000000000                              000                           
0010001300041T 020180230000001544772 29577050027653060   78888888888888991601201700000000000750000103049X888888888888899          0900000000000010000000000000000000000000000000000000000   0000000000000000000000000A9        170192957705     
0010001300042U 020000000000000000000000000000000000000000000000000000000000000000000000000000000000000000000000000000000000000000000000001601201700000000            000000000000000                              000                           
0010001300043T 020180230000001544772 29577050032336098   788888888888889916012017000000000007500001012408888888888888899          0900000000000010000000000000000000000000000000000000000   0000000000000000000000000A9        170192957705     
0010001300044U 020000000000000000000000000000000000000000000000000000000000000000000000000000000000000000000000000000000000000000000000001601201700000000            000000000000000                              000                           
0010001300045T 020180230000001544772 29577050037935289   78888888888888991601201700000000000750000103049X888888888888899          0900000000000010000000000000000000000000000000000000000   0000000000000000000000000A9        170192957705     
0010001300046U 020000000000000000000000000000000000000000000000000000000000000000000000000000000000000000000000000000000000000000000000001601201700000000            000000000000000                              000                           
0010001300047T 020180230000001544772 29577050050701670   7               18012017000000000007500001012408                         0900000000000010000000000000000000000000000000000000000   0000000000000000000000000A9        170192957705     
0010001300048U 020000000000000000000000000000000000000000000000000000000000000000000000000000000000000000000000000000000000000000000000001601201700000000            000000000000000                              000                           
0010001300049T 020180230000001544772 29577050054424780   788888888888889918012017000000000007500001002836888888888888899          0900000000000010000000000000000000000000000000000000000   0000000000000000000000000A9        170192957705     
0010001300050U 020000000000000000000000000000000000000000000000000000000000000000000000000000000000000000000000000000000000000000000000001601201700000000            000000000000000                              000                           
0010001300051T 020180230000001544772 29577050062108646   788888888888889918012017000000000007500001000833888888888888899          0900000000000010000000000000000000000000000000000000000   0000000000000000000000000A9        170192957705     
0010001300052U 020000000000000000000000000000000000000000000000000000000000000000000000000000000000000000000000000000000000000000000000001601201700000000            000000000000000                              000                           
0010001300053T 020180230000001544772 29577050062224734   7               18012017000000000007500001000213                         0900000000000010000000000000000000000000000000000000000   0000000000000000000000000A9        170192957705     
0010001300054U 020000000000000000000000000000000000000000000000000000000000000000000000000000000000000000000000000000000000000000000000001601201700000000            000000000000000                              000                           
0010001300055T 020180230000001544772 29577050070931389   788888888888889917012017000000000007500001012408888888888888899          0900000000000010000000000000000000000000000000000000000   0000000000000000000000000A9        170192957705     
0010001300056U 020000000000000000000000000000000000000000000000000000000000000000000000000000000000000000000000000000000000000000000000001601201700000000            000000000000000                              000                           
0010001300057T 020180230000001544772 29577050080811955   788888888888889916012017000000000007500001004782888888888888899          0900000000000010000000000000000000000000000000000000000   0000000000000000000000000A9        170192957705     
0010001300058U 020000000000000000000000000000000000000000000000000000000000000000000000000000000000000000000000000000000000000000000000001601201700000000            000000000000000                              000                           
0010001300059T 020180230000001544772 29577050104253483   788888888888889918012017000000000007500001014389888888888888899          0900000000000010000000000000000000000000000000000000000   0000000000000000000000000A9        170192957705     
0010001300060U 020000000000000000000000000000000000000000000000000000000000000000000000000000000000000000000000000000000000000000000000001601201700000000            000000000000000                              000                           
0010001300061T 020180230000001544772 29577050116119665   78888888888888991801201700000000000750000103049X888888888888899          0900000000000010000000000000000000000000000000000000000   0000000000000000000000000A9        170192957705     
0010001300062U 020000000000000000000000000000000000000000000000000000000000000000000000000000000000000000000000000000000000000000000000001601201700000000            000000000000000                              000                           
0010001300063T 020180230000001544772 29577050122306384   788888888888889917012017000000000007500001000213888888888888899          0900000000000010000000000000000000000000000000000000000   0000000000000000000000000A9        170192957705     
0010001300064U 020000000000000000000000000000000000000000000000000000000000000000000000000000000000000000000000000000000000000000000000001601201700000000            000000000000000                              000                           
0010001300065T 020180230000001544772 29577050122318136   788888888888889916012017000000000007500001000213888888888888899          0900000000000010000000000000000000000000000000000000000   0000000000000000000000000A9        170192957705     
0010001300066U 020000000000000000000000000000000000000000000000000000000000000000000000000000000000000000000000000000000000000000000000001601201700000000            000000000000000                              000                           
0010001300067T 020180230000001544772 29577050122325309   788888888888889917012017000000000007500001000213888888888888899          0900000000000010000000000000000000000000000000000000000   0000000000000000000000000A9        170192957705     
0010001300068U 020000000000000000000000000000000000000000000000000000000000000000000000000000000000000000000000000000000000000000000000001601201700000000            000000000000000                              000                           
0010001300069T 020180230000001544772 29577050122438717   788888888888889916012017000000000010000001000213888888888888899          0900000000000010000000000000000000000000000000000000000   0000000000000000000000000A9        170192957705     
0010001300070U 020000000000000000000000000000000000000000000000000000000000000000000000000000000000000000000000000000000000000000000000001601201700000000            000000000000000                              000                           
0010001300071T 020180230000001544772 29577050130507732   78888888888888991601201700000000000750000103049X888888888888899          0900000000000010000000000000000000000000000000000000000   0000000000000000000000000A9        170192957705     
0010001300072U 020000000000000000000000000000000000000000000000000000000000000000000000000000000000000000000000000000000000000000000000001601201700000000            000000000000000                              000                           
0010001300073T 020180230000001544772 29577050130520449   78888888888888991601201700000000000750000103049X888888888888899          0900000000000010000000000000000000000000000000000000000   0000000000000000000000000A9        170192957705     
0010001300074U 020000000000000000000000000000000000000000000000000000000000000000000000000000000000000000000000000000000000000000000000001601201700000000            000000000000000                              000                           
0010001300075T 020180230000001544772 29577050130551412   78888888888888991601201700000000000750000103049X888888888888899          0900000000000010000000000000000000000000000000000000000   0000000000000000000000000A9        170192957705     
0010001300076U 020000000000000000000000000000000000000000000000000000000000000000000000000000000000000000000000000000000000000000000000001601201700000000            000000000000000                              000                           
0010001300077T 020180230000001544772 29577050130552436   78888888888888991601201700000000000750000103049X888888888888899          0900000000000010000000000000000000000000000000000000000   0000000000000000000000000A9        170192957705     
0010001300078U 020000000000000000000000000000000000000000000000000000000000000000000000000000000000000000000000000000000000000000000000001601201700000000            000000000000000                              000                           
0010001300079T 020180230000001544772 29577050130756264   78888888888888991801201700000000000750000103049X888888888888899          0900000000000010000000000000000000000000000000000000000   0000000000000000000000000A9        170192957705     
0010001300080U 020000000000000000000000000000000000000000000000000000000000000000000000000000000000000000000000000000000000000000000000001601201700000000            000000000000000                              000                           
0010001300081T 020180230000001544772 29577050131017788   78888888888888991801201700000000000750000103049X888888888888899          0900000000000010000000000000000000000000000000000000000   0000000000000000000000000A9        170192957705     
0010001300082U 020000000000000000000000000000000000000000000000000000000000000000000000000000000000000000000000000000000000000000000000001601201700000000            000000000000000                              000                           
0010001300083T 020180230000001544772 29577050148810887   788888888888889918012017000000000007500001000213888888888888899          0900000000000010000000000000000000000000000000000000000   0000000000000000000000000A9        170192957705     
0010001300084U 020000000000000000000000000000000000000000000000000000000000000000000000000000000000000000000000000000000000000000000000001601201700000000            000000000000000                              000                           
0010001300085T 020180230000001544772 29577050150002166   788888888888889917012017000000000007500001012408888888888888899          0900000000000010000000000000000000000000000000000000000   0000000000000000000000000A9        170192957705     
0010001300086U 020000000000000000000000000000000000000000000000000000000000000000000000000000000000000000000000000000000000000000000000001601201700000000            000000000000000                              000                           
0010001300087T 020180230000001544772 29577050150002327   788888888888889917012017000000000007500001012408888888888888899          0900000000000010000000000000000000000000000000000000000   0000000000000000000000000A9        170192957705     
0010001300088U 020000000000000000000000000000000000000000000000000000000000000000000000000000000000000000000000000000000000000000000000001601201700000000            000000000000000                              000                           
0010001300089T 020180230000001544772 29577050150003180   788888888888889917012017000000000007500001012408888888888888899          0900000000000010000000000000000000000000000000000000000   0000000000000000000000000A9        170192957705     
0010001300090U 020000000000000000000000000000000000000000000000000000000000000000000000000000000000000000000000000000000000000000000000001601201700000000            000000000000000                              000                           
0010001300091T 020180230000001544772 29577050150003190   788888888888889917012017000000000007500001012408888888888888899          0900000000000010000000000000000000000000000000000000000   0000000000000000000000000A9        170192957705     
0010001300092U 020000000000000000000000000000000000000000000000000000000000000000000000000000000000000000000000000000000000000000000000001601201700000000            000000000000000                              000                           
0010001300093T 020180230000001544772 29577050150004112   788888888888889917012017000000000007500001012408888888888888899          0900000000000010000000000000000000000000000000000000000   0000000000000000000000000A9        170192957705     
0010001300094U 020000000000000000000000000000000000000000000000000000000000000000000000000000000000000000000000000000000000000000000000001601201700000000            000000000000000                              000                           
0010001300095T 020180230000001544772 29577050154800432   788888888888889916012017000000000007500001000744888888888888899          0900000000000010000000000000000000000000000000000000000   0000000000000000000000000A9        170192957705     
0010001300096U 020000000000000000000000000000000000000000000000000000000000000000000000000000000000000000000000000000000000000000000000001601201700000000            000000000000000                              000                           
0010001300097T 020180230000001544772 29577050166514819   788888888888889918012017000000000007500001046280888888888888899          0900000000000010000000000000000000000000000000000000000   0000000000000000000000000A9        170192957705     
0010001300098U 020000000000000000000000000000000000000000000000000000000000000000000000000000000000000000000000000000000000000000000000001601201700000000            000000000000000                              000                           
0010001300099T 020180230000001544772 29577050172457635   788888888888889916012017000000000007500001012416888888888888899          0900000000000010000000000000000000000000000000000000000   0000000000000000000000000A9        170192957705     
0010001300100U 020000000000000000000000000000000000000000000000000000000000000000000000000000000000000000000000000000000000000000000000001601201700000000            000000000000000                              000                           
0010001300101T 020180230000001544772 29577050174508596   788888888888889916012017000000000007500001000213888888888888899          0900000000000010000000000000000000000000000000000000000   0000000000000000000000000A9        170192957705     
0010001300102U 020000000000000000000000000000000000000000000000000000000000000000000000000000000000000000000000000000000000000000000000001601201700000000            000000000000000                              000                           
0010001300103T 020180230000001544772 29577050174514747   788888888888889916012017000000000007500001000213888888888888899          0900000000000010000000000000000000000000000000000000000   0000000000000000000000000A9        170192957705     
0010001300104U 020000000000000000000000000000000000000000000000000000000000000000000000000000000000000000000000000000000000000000000000001601201700000000            000000000000000                              000                           
0010001300105T 020180230000001544772 29577050174549847   788888888888889918012017000000000007500001000213888888888888899          0900000000000010000000000000000000000000000000000000000   0000000000000000000000000A9        170192957705     
0010001300106U 020000000000000000000000000000000000000000000000000000000000000000000000000000000000000000000000000000000000000000000000001601201700000000            000000000000000                              000                           
0010001300107T 020180230000001544772 29577050174552516   788888888888889918012017000000000007500001000213888888888888899          0900000000000010000000000000000000000000000000000000000   0000000000000000000000000A9        170192957705     
0010001300108U 020000000000000000000000000000000000000000000000000000000000000000000000000000000000000000000000000000000000000000000000001601201700000000            000000000000000                              000                           
0010001300109T 020180230000001544772 29577050190951405   788888888888889918012017000000000007500001000833888888888888899          0900000000000010000000000000000000000000000000000000000   0000000000000000000000000A9        170192957705     
0010001300110U 020000000000000000000000000000000000000000000000000000000000000000000000000000000000000000000000000000000000000000000000001601201700000000            000000000000000                              000                           
0010001300111T 020180230000001544772 29577050201900111   788888888888889918012017000000000007500001012408888888888888899          0900000000000010000000000000000000000000000000000000000   0000000000000000000000000A9        170192957705     
0010001300112U 020000000000000000000000000000000000000000000000000000000000000000000000000000000000000000000000000000000000000000000000001601201700000000            000000000000000                              000                           
0010001300113T 020180230000001544772 29577050201940392   788888888888889918012017000000000007500001012408888888888888899          0900000000000010000000000000000000000000000000000000000   0000000000000000000000000A9        170192957705     
0010001300114U 020000000000000000000000000000000000000000000000000000000000000000000000000000000000000000000000000000000000000000000000001601201700000000            000000000000000                              000                           
0010001300115T 020180230000001544772 29577050204955265   788888888888889917012017000000000007500001046280888888888888899          0900000000000010000000000000000000000000000000000000000   0000000000000000000000000A9        170192957705     
0010001300116U 020000000000000000000000000000000000000000000000000000000000000000000000000000000000000000000000000000000000000000000000001601201700000000            000000000000000                              000                           
0010001300117T 020180230000001544772 29577050207313839   78888888888888991801201700000000000750000103049X888888888888899          0900000000000010000000000000000000000000000000000000000   0000000000000000000000000A9        170192957705     
0010001300118U 020000000000000000000000000000000000000000000000000000000000000000000000000000000000000000000000000000000000000000000000001601201700000000            000000000000000                              000                           
0010001300119T 020180230000001544772 29577050211907994   788888888888889916012017000000000007500001012408888888888888899          0900000000000010000000000000000000000000000000000000000   0000000000000000000000000A9        170192957705     
0010001300120U 020000000000000000000000000000000000000000000000000000000000000000000000000000000000000000000000000000000000000000000000001601201700000000            000000000000000                              000                           
0010001300121T 020180230000001544772 29577050216359814   788888888888889916012017000000000007500001009245888888888888899          0900000000000010000000000000000000000000000000000000000   0000000000000000000000000A9        170192957705     
0010001300122U 020000000000000000000000000000000000000000000000000000000000000000000000000000000000000000000000000000000000000000000000001601201700000000            000000000000000                              000                           
0010001300123T 020180230000001544772 29577050228816903   788888888888889918012017000000000007500001012416888888888888899          0900000000000010000000000000000000000000000000000000000   0000000000000000000000000A9        170192957705     
0010001300124U 020000000000000000000000000000000000000000000000000000000000000000000000000000000000000000000000000000000000000000000000001601201700000000            000000000000000                              000                           
0010001300125T 020180230000001544772 29577050228851813   788888888888889918012017000000000007500001012416888888888888899          0900000000000010000000000000000000000000000000000000000   0000000000000000000000000A9        170192957705     
0010001300126U 020000000000000000000000000000000000000000000000000000000000000000000000000000000000000000000000000000000000000000000000001601201700000000            000000000000000                              000                           
0010001300127T 020180230000001544772 29577050237108502   788888888888889918012017000000000007500001000213888888888888899          0900000000000010000000000000000000000000000000000000000   0000000000000000000000000A9        170192957705     
0010001300128U 020000000000000000000000000000000000000000000000000000000000000000000000000000000000000000000000000000000000000000000000001601201700000000            000000000000000                              000                           
0010001300129T 020180230000001544772 29577050237721046   788888888888889917012017000000000007500001001554888888888888899          0900000000000010000000000000000000000000000000000000000   0000000000000000000000000A9        170192957705     
0010001300130U 020000000000000000000000000000000000000000000000000000000000000000000000000000000000000000000000000000000000000000000000001601201700000000            000000000000000                              000                           
0010001300131T 020180230000001544772 29577050238509794   788888888888889916012017000000000007500001012408888888888888899          0900000000000010000000000000000000000000000000000000000   0000000000000000000000000A9        170192957705     
0010001300132U 020000000000000000000000000000000000000000000000000000000000000000000000000000000000000000000000000000000000000000000000001601201700000000            000000000000000                              000                           
0010001300133T 020180230000001544772 29577050238647442   788888888888889916012017000000000007500001046280888888888888899          0900000000000010000000000000000000000000000000000000000   0000000000000000000000000A9        170192957705     
0010001300134U 020000000000000000000000000000000000000000000000000000000000000000000000000000000000000000000000000000000000000000000000001601201700000000            000000000000000                              000                           
0010001300135T 020180230000001544772 29577050238741165   788888888888889916012017000000000010000001012408888888888888899          0900000000000010500000000000000000000000000000000000000   0000000000000000000000000A9A4      170192957705     
0010001300136U 020000000000000000000000000000000000000000000000000000000000000000000000000000000000000000000000000000000000000000000000001601201700000000            000000000000000                              000                           
0010001300137T 020180230000001544772 29577050238825953   78888888888888991601201700000000000750000103049X888888888888899          0900000000000010000000000000000000000000000000000000000   0000000000000000000000000A9        170192957705     
0010001300138U 020000000000000000000000000000000000000000000000000000000000000000000000000000000000000000000000000000000000000000000000001601201700000000            000000000000000                              000                           
0010001300139T 020180230000001544772 29577050239059136   788888888888889916012017000000000007500001000515888888888888899          0900000000000010000000000000000000000000000000000000000   0000000000000000000000000A9        170192957705     
0010001300140U 020000000000000000000000000000000000000000000000000000000000000000000000000000000000000000000000000000000000000000000000001601201700000000            000000000000000                              000                           
0010001300141T 020180230000001544772 29577050239100501   788888888888889916012017000000000007500001012416888888888888899          0900000000000010000000000000000000000000000000000000000   0000000000000000000000000A9        170192957705     
0010001300142U 020000000000000000000000000000000000000000000000000000000000000000000000000000000000000000000000000000000000000000000000001601201700000000            000000000000000                              000                           
0010001300143T 020180230000001544772 29577050239228636   788888888888889916012017000000000007500001012408888888888888899          0900000000000010000000000000000000000000000000000000000   0000000000000000000000000A9        170192957705     
0010001300144U 020000000000000000000000000000000000000000000000000000000000000000000000000000000000000000000000000000000000000000000000001601201700000000            000000000000000                              000                           
0010001300145T 020180230000001544772 29577050239300614   788888888888889916012017000000000007500001012408888888888888899          0900000000000010000000000000000000000000000000000000000   0000000000000000000000000A9        170192957705     
0010001300146U 020000000000000000000000000000000000000000000000000000000000000000000000000000000000000000000000000000000000000000000000001601201700000000            000000000000000                              000                           
0010001300147T 020180230000001544772 29577050239429335   788888888888889916012017000000000007500001000213888888888888899          0900000000000010000000000000000000000000000000000000000   0000000000000000000000000A9        170192957705     
0010001300148U 020000000000000000000000000000000000000000000000000000000000000000000000000000000000000000000000000000000000000000000000001601201700000000            000000000000000                              000                           
0010001300149T 020180230000001544772 29577050239503600   788888888888889916012017000000000007500001012416888888888888899          0900000000000010000000000000000000000000000000000000000   0000000000000000000000000A9        170192957705     
0010001300150U 020000000000000000000000000000000000000000000000000000000000000000000000000000000000000000000000000000000000000000000000001601201700000000            000000000000000                              000                           
0010001300151T 020180230000001544772 29577050239649765   788888888888889916012017000000000010000001002216888888888888899          0900000000000010000000000000000000000000000000000000000   0000000000000000000000000A9        170192957705     
0010001300152U 020000000000000000000000000000000000000000000000000000000000000000000000000000000000000000000000000000000000000000000000001601201700000000            000000000000000                              000                           
0010001300153T 020180230000001544772 29577050239710906   788888888888889916012017000000000010000001014346888888888888899          0900000000000010000000000000000000000000000000000000000   0000000000000000000000000A9        170192957705     
0010001300154U 020000000000000000000000000000000000000000000000000000000000000000000000000000000000000000000000000000000000000000000000001601201700000000            000000000000000                              000                           
0010001300155T 020180230000001544772 29577050239836203   788888888888889916012017000000000007500001012408888888888888899          0900000000000010000000000000000000000000000000000000000   0000000000000000000000000A9        170192957705     
0010001300156U 020000000000000000000000000000000000000000000000000000000000000000000000000000000000000000000000000000000000000000000000001601201700000000            000000000000000                              000                           
0010001300157T 020180230000001544772 29577050239947390   78888888888888991601201700000000000750000103049X888888888888899          0900000000000010500000000000000000000000000000000000000   0000000000000000000000000A9A4      170192957705     
0010001300158U 020000000000000000000000000000000000000000000000000000000000000000000000000000000000000000000000000000000000000000000000001601201700000000            000000000000000                              000                           
0010001300159T 020180230000001544772 29577050240027304   78888888888888991601201700000000000750000103049X888888888888899          0900000000000010500000000000000000000000000000000000000   0000000000000000000000000A9A4      170192957705     
0010001300160U 020000000000000000000000000000000000000000000000000000000000000000000000000000000000000000000000000000000000000000000000001601201700000000            000000000000000                              000                           
0010001300161T 020180230000001544772 29577050240142599   788888888888889916012017000000000007500001012408888888888888899          0900000000000010000000000000000000000000000000000000000   0000000000000000000000000A9        170192957705     
0010001300162U 020000000000000000000000000000000000000000000000000000000000000000000000000000000000000000000000000000000000000000000000001601201700000000            000000000000000                              000                           
0010001300163T 020180230000001544772 29577050240317916   788888888888889916012017000000000007500001013005888888888888899          0900000000000010000000000000000000000000000000000000000   0000000000000000000000000A9        170192957705     
0010001300164U 020000000000000000000000000000000000000000000000000000000000000000000000000000000000000000000000000000000000000000000000001601201700000000            000000000000000                              000                           
0010001300165T 020180230000001544772 29577050240610575   78888888888888991601201700000000000750000103049X888888888888899          0900000000000010000000000000000000000000000000000000000   0000000000000000000000000A9        170192957705     
0010001300166U 020000000000000000000000000000000000000000000000000000000000000000000000000000000000000000000000000000000000000000000000001601201700000000            000000000000000                              000                           
0010001300167T 020180230000001544772 29577050240859366   788888888888889916012017000000000007500001009334888888888888899          0900000000000010000000000000000000000000000000000000000   0000000000000000000000000A9        170192957705     
0010001300168U 020000000000000000000000000000000000000000000000000000000000000000000000000000000000000000000000000000000000000000000000001601201700000000            000000000000000                              000                           
0010001300169T 020180230000001544772 29577050240901784   788888888888889916012017000000000007500001045799888888888888899          0900000000000010000000000000000000000000000000000000000   0000000000000000000000000A9        170192957705     
0010001300170U 020000000000000000000000000000000000000000000000000000000000000000000000000000000000000000000000000000000000000000000000001601201700000000            000000000000000                              000                           
0010001300171T 020180230000001544772 29577050241043932   78888888888888991601201700000000000750000101009X888888888888899          0900000000000010000000000000000000000000000000000000000   0000000000000000000000000A9        170192957705     
0010001300172U 020000000000000000000000000000000000000000000000000000000000000000000000000000000000000000000000000000000000000000000000001601201700000000            000000000000000                              000                           
0010001300173T 020180230000001544772 29577050241045320   78888888888888991601201700000000000750000101009X888888888888899          0900000000000010000000000000000000000000000000000000000   0000000000000000000000000A9        170192957705     
0010001300174U 020000000000000000000000000000000000000000000000000000000000000000000000000000000000000000000000000000000000000000000000001601201700000000            000000000000000                              000                           
0010001300175T 020180230000001544772 29577050241059902   78888888888888991601201700000000000750000101009X888888888888899          0900000000000010000000000000000000000000000000000000000   0000000000000000000000000A9        170192957705     
0010001300176U 020000000000000000000000000000000000000000000000000000000000000000000000000000000000000000000000000000000000000000000000001601201700000000            000000000000000                              000                           
0010001300177T 020180230000001544772 29577050241154370   788888888888889916012017000000000010000001030864888888888888899          0900000000000010000000000000000000000000000000000000000   0000000000000000000000000A9        170192957705     
0010001300178U 020000000000000000000000000000000000000000000000000000000000000000000000000000000000000000000000000000000000000000000000001601201700000000            000000000000000                              000                           
0010001300179T 020180230000001544772 29577050241245185   788888888888889916012017000000000010000001030864888888888888899          0900000000000010000000000000000000000000000000000000000   0000000000000000000000000A9        170192957705     
0010001300180U 020000000000000000000000000000000000000000000000000000000000000000000000000000000000000000000000000000000000000000000000001601201700000000            000000000000000                              000                           
0010001300181T 020180230000001544772 29577050241327247   788888888888889916012017000000000007500001000833888888888888899          0900000000000010000000000000000000000000000000000000000   0000000000000000000000000A9        170192957705     
0010001300182U 020000000000000000000000000000000000000000000000000000000000000000000000000000000000000000000000000000000000000000000000001601201700000000            000000000000000                              000                           
0010001300183T 020180230000001544772 29577050241437331   788888888888889916012017000000000007500001009245888888888888899          0900000000000010000000000000000000000000000000000000000   0000000000000000000000000A9        170192957705     
0010001300184U 020000000000000000000000000000000000000000000000000000000000000000000000000000000000000000000000000000000000000000000000001601201700000000            000000000000000                              000                           
0010001300185T 020180230000001544772 29577050241617313   788888888888889916012017000000000010000001012416888888888888899          0900000000000010000000000000000000000000000000000000000   0000000000000000000000000A9        170192957705     
0010001300186U 020000000000000000000000000000000000000000000000000000000000000000000000000000000000000000000000000000000000000000000000001601201700000000            000000000000000                              000                           
0010001300187T 020180230000001544772 29577050241733081   788888888888889916012017000000000007500001008338888888888888899          0900000000000010000000000000000000000000000000000000000   0000000000000000000000000A9        170192957705     
0010001300188U 020000000000000000000000000000000000000000000000000000000000000000000000000000000000000000000000000000000000000000000000001601201700000000            000000000000000                              000                           
0010001300189T 020180230000001544772 29577050241825574   788888888888889916012017000000000007500001030864888888888888899          0900000000000010000000000000000000000000000000000000000   0000000000000000000000000A9        170192957705     
0010001300190U 020000000000000000000000000000000000000000000000000000000000000000000000000000000000000000000000000000000000000000000000001601201700000000            000000000000000                              000                           
0010001300191T 020180230000001544772 29577050242033738   788888888888889916012017000000000007500001000213888888888888899          0900000000000010000000000000000000000000000000000000000   0000000000000000000000000A9        170192957705     
0010001300192U 020000000000000000000000000000000000000000000000000000000000000000000000000000000000000000000000000000000000000000000000001601201700000000            000000000000000                              000                           
0010001300193T 020180230000001544772 29577050242151439   788888888888889916012017000000000007500001012890888888888888899          0900000000000010000000000000000000000000000000000000000   0000000000000000000000000A9        170192957705     
0010001300194U 020000000000000000000000000000000000000000000000000000000000000000000000000000000000000000000000000000000000000000000000001601201700000000            000000000000000                              000                           
0010001300195T 020180230000001544772 29577050242204539   788888888888889916012017000000000007500001000213888888888888899          0900000000000010000000000000000000000000000000000000000   0000000000000000000000000A9        170192957705     
0010001300196U 020000000000000000000000000000000000000000000000000000000000000000000000000000000000000000000000000000000000000000000000001601201700000000            000000000000000                              000                           
0010001300197T 020180230000001544772 29577050242254493   788888888888889916012017000000000007500001000213888888888888899          0900000000000010000000000000000000000000000000000000000   0000000000000000000000000A9        170192957705     
0010001300198U 020000000000000000000000000000000000000000000000000000000000000000000000000000000000000000000000000000000000000000000000001601201700000000            000000000000000                              000                           
0010001300199T 020180230000001544772 29577050242354098   788888888888889916012017000000000007500001001120888888888888899          0900000000000010000000000000000000000000000000000000000   0000000000000000000000000A9        170192957705     
0010001300200U 020000000000000000000000000000000000000000000000000000000000000000000000000000000000000000000000000000000000000000000000001601201700000000            000000000000000                              000                           
0010001300201T 020180230000001544772 29577050242402989   788888888888889916012017000000000007500001004782888888888888899          0900000000000010000000000000000000000000000000000000000   0000000000000000000000000A9        170192957705     
0010001300202U 020000000000000000000000000000000000000000000000000000000000000000000000000000000000000000000000000000000000000000000000001601201700000000            000000000000000                              000                           
0010001300203T 020180230000001544772 29577050242412194   788888888888889917012017000000000007500001004782888888888888899          0900000000000010000000000000000000000000000000000000000   0000000000000000000000000A9        170192957705     
0010001300204U 020000000000000000000000000000000000000000000000000000000000000000000000000000000000000000000000000000000000000000000000001601201700000000            000000000000000                              000                           
0010001300205T 020180230000001544772 29577050242434986   788888888888889916012017000000000007500001004782888888888888899          0900000000000010000000000000000000000000000000000000000   0000000000000000000000000A9        170192957705     
0010001300206U 020000000000000000000000000000000000000000000000000000000000000000000000000000000000000000000000000000000000000000000000001601201700000000            000000000000000                              000                           
0010001300207T 020180230000001544772 29577050242537674   788888888888889916012017000000000007500001000213888888888888899          0900000000000010000000000000000000000000000000000000000   0000000000000000000000000A9        170192957705     
0010001300208U 020000000000000000000000000000000000000000000000000000000000000000000000000000000000000000000000000000000000000000000000001601201700000000            000000000000000                              000                           
0010001300209T 020180230000001544772 29577050242642916   78888888888888991601201700000000000750000103049X888888888888899          0900000000000010000000000000000000000000000000000000000   0000000000000000000000000A9        170192957705     
0010001300210U 020000000000000000000000000000000000000000000000000000000000000000000000000000000000000000000000000000000000000000000000001601201700000000            000000000000000                              000                           
0010001300211T 020180230000001544772 29577050242647128   78888888888888991601201700000000000750000103049X888888888888899          0900000000000010000000000000000000000000000000000000000   0000000000000000000000000A9        170192957705     
0010001300212U 020000000000000000000000000000000000000000000000000000000000000000000000000000000000000000000000000000000000000000000000001601201700000000            000000000000000                              000                           
0010001300213T 020180230000001544772 29577050242723353   788888888888889916012017000000000007500001009245888888888888899          0900000000000010000000000000000000000000000000000000000   0000000000000000000000000A9        170192957705     
0010001300214U 020000000000000000000000000000000000000000000000000000000000000000000000000000000000000000000000000000000000000000000000001601201700000000            000000000000000                              000                           
0010001300215T 020180230000001544772 29577050242755499   788888888888889916012017000000000007500001009245888888888888899          0900000000000010000000000000000000000000000000000000000   0000000000000000000000000A9        170192957705     
0010001300216U 020000000000000000000000000000000000000000000000000000000000000000000000000000000000000000000000000000000000000000000000001601201700000000            000000000000000                              000                           
0010001300217T 020180230000001544772 29577050242809384   788888888888889918012017000000000007500001012416888888888888899          0900000000000010000000000000000000000000000000000000000   0000000000000000000000000A9        170192957705     
0010001300218U 020000000000000000000000000000000000000000000000000000000000000000000000000000000000000000000000000000000000000000000000001601201700000000            000000000000000                              000                           
0010001300219T 020180230000001544772 29577050242836552   788888888888889916012017000000000007500001012416888888888888899          0900000000000010000000000000000000000000000000000000000   0000000000000000000000000A9        170192957705     
0010001300220U 020000000000000000000000000000000000000000000000000000000000000000000000000000000000000000000000000000000000000000000000001601201700000000            000000000000000                              000                           
0010001300221T 020180230000001544772 29577050242922381   788888888888889916012017000000000007500001001120888888888888899          0900000000000010000000000000000000000000000000000000000   0000000000000000000000000A9        170192957705     
0010001300222U 020000000000000000000000000000000000000000000000000000000000000000000000000000000000000000000000000000000000000000000000001601201700000000            000000000000000                              000                           
0010001300223T 020180230000001544772 29577050243029117   788888888888889916012017000000000007500001002224888888888888899          0900000000000010000000000000000000000000000000000000000   0000000000000000000000000A9        170192957705     
0010001300224U 020000000000000000000000000000000000000000000000000000000000000000000000000000000000000000000000000000000000000000000000001601201700000000            000000000000000                              000                           
0010001300225T 020180230000001544772 29577050243107932   788888888888889916012017000000000007500001046264888888888888899          0900000000000010000000000000000000000000000000000000000   0000000000000000000000000A9        170192957705     
0010001300226U 020000000000000000000000000000000000000000000000000000000000000000000000000000000000000000000000000000000000000000000000001601201700000000            000000000000000                              000                           
0010001300227T 020180230000001544772 29577050243323821   788888888888889916012017000000000010000001012408888888888888899          0900000000000010000000000000000000000000000000000000000   0000000000000000000000000A9        170192957705     
0010001300228U 020000000000000000000000000000000000000000000000000000000000000000000000000000000000000000000000000000000000000000000000001601201700000000            000000000000000                              000                           
0010001300229T 020180230000001544772 29577050243610670   788888888888889916012017000000000007500001000213888888888888899          0900000000000010000000000000000000000000000000000000000   0000000000000000000000000A9        170192957705     
0010001300230U 020000000000000000000000000000000000000000000000000000000000000000000000000000000000000000000000000000000000000000000000001601201700000000            000000000000000                              000                           
0010001300231T 020180230000001544772 29577050243735069   788888888888889916012017000000000007500001012416888888888888899          0900000000000010000000000000000000000000000000000000000   0000000000000000000000000A9        170192957705     
0010001300232U 020000000000000000000000000000000000000000000000000000000000000000000000000000000000000000000000000000000000000000000000001601201700000000            000000000000000                              000                           
0010001300233T 020180230000001544772 29577050243815606   788888888888889916012017000000000010000001012408888888888888899          0900000000000010000000000000000000000000000000000000000   0000000000000000000000000A9        170192957705     
0010001300234U 020000000000000000000000000000000000000000000000000000000000000000000000000000000000000000000000000000000000000000000000001601201700000000            000000000000000                              000                           
0010001300235T 020180230000001544772 29577050243910384   788888888888889916012017000000000007500001012408888888888888899          0900000000000010500000000000000000000000000000000000000   0000000000000000000000000A9A4      170192957705     
0010001300236U 020000000000000000000000000000000000000000000000000000000000000000000000000000000000000000000000000000000000000000000000001601201700000000            000000000000000                              000                           
0010001300237T 020180230000001544772 29577050243935716   788888888888889916012017000000000007500001012408888888888888899          0900000000000010500000000000000000000000000000000000000   0000000000000000000000000A9A4      170192957705     
0010001300238U 020000000000000000000000000000000000000000000000000000000000000000000000000000000000000000000000000000000000000000000000001601201700000000            000000000000000                              000                           
0010001300239T 020180230000001544772 29577050244036152   788888888888889916012017000000000007500001012416888888888888899          0900000000000010000000000000000000000000000000000000000   0000000000000000000000000A9        170192957705     
0010001300240U 020000000000000000000000000000000000000000000000000000000000000000000000000000000000000000000000000000000000000000000000001601201700000000            000000000000000                              000                           
0010001300241T 020180230000001544772 29577050244126693   788888888888889916012017000000000007500001007617888888888888899          0900000000000010000000000000000000000000000000000000000   0000000000000000000000000A9        170192957705     
0010001300242U 020000000000000000000000000000000000000000000000000000000000000000000000000000000000000000000000000000000000000000000000001601201700000000            000000000000000                              000                           
0010001300243T 020180230000001544772 29577050244219121   788888888888889916012017000000000010000001000833888888888888899          0900000000000010000000000000000000000000000000000000000   0000000000000000000000000A9        170192957705     
0010001300244U 020000000000000000000000000000000000000000000000000000000000000000000000000000000000000000000000000000000000000000000000001601201700000000            000000000000000                              000                           
0010001300245T 020180230000001544772 29577050244300908   788888888888889916012017000000000007500001004782888888888888899          0900000000000010500000000000000000000000000000000000000   0000000000000000000000000A9A4      170192957705     
0010001300246U 020000000000000000000000000000000000000000000000000000000000000000000000000000000000000000000000000000000000000000000000001601201700000000            000000000000000                              000                           
0010001300247T 020180230000001544772 29577050244559053   788888888888889916012017000000000010000001012408888888888888899          0900000000000010000000000000000000000000000000000000000   0000000000000000000000000A9        170192957705     
0010001300248U 020000000000000000000000000000000000000000000000000000000000000000000000000000000000000000000000000000000000000000000000001601201700000000            000000000000000                              000                           
0010001300249T 020180230000001544772 29577050244658709   788888888888889916012017000000000007500001000213888888888888899          0900000000000010000000000000000000000000000000000000000   0000000000000000000000000A9        170192957705     
0010001300250U 020000000000000000000000000000000000000000000000000000000000000000000000000000000000000000000000000000000000000000000000001601201700000000            000000000000000                              000                           
0010001300251T 020180230000001544772 29577050244748984   788888888888889916012017000000000007500001000213888888888888899          0900000000000010000000000000000000000000000000000000000   0000000000000000000000000A9        170192957705     
0010001300252U 020000000000000000000000000000000000000000000000000000000000000000000000000000000000000000000000000000000000000000000000001601201700000000            000000000000000                              000                           
0010001300253T 020180230000001544772 29577050244933400   788888888888889917012017000000000007500001000213888888888888899          0900000000000010000000000000000000000000000000000000000   0000000000000000000000000A9        170192957705     
0010001300254U 020000000000000000000000000000000000000000000000000000000000000000000000000000000000000000000000000000000000000000000000001601201700000000            000000000000000                              000                           
0010001300255T 020180230000001544772 29577050245000866   788888888888889917012017000000000007500001046280888888888888899          0900000000000010000000000000000000000000000000000000000   0000000000000000000000000A9        170192957705     
0010001300256U 020000000000000000000000000000000000000000000000000000000000000000000000000000000000000000000000000000000000000000000000001601201700000000            000000000000000                              000                           
0010001300257T 020180230000001544772 29577050245127226   788888888888889917012017000000000007500001012416888888888888899          0900000000000010000000000000000000000000000000000000000   0000000000000000000000000A9        170192957705     
0010001300258U 020000000000000000000000000000000000000000000000000000000000000000000000000000000000000000000000000000000000000000000000001601201700000000            000000000000000                              000                           
0010001300259T 020180230000001544772 29577050245455935   788888888888889917012017000000000007500001008028888888888888899          0900000000000010000000000000000000000000000000000000000   0000000000000000000000000A9        170192957705     
0010001300260U 020000000000000000000000000000000000000000000000000000000000000000000000000000000000000000000000000000000000000000000000001601201700000000            000000000000000                              000                           
0010001300261T 020180230000001544772 29577050245603162   78888888888888991701201700000000000750000103049X888888888888899          0900000000000010000000000000000000000000000000000000000   0000000000000000000000000A9        170192957705     
0010001300262U 020000000000000000000000000000000000000000000000000000000000000000000000000000000000000000000000000000000000000000000000001601201700000000            000000000000000                              000                           
0010001300263T 020180230000001544772 29577050245833606   788888888888889917012017000000000007500001012408888888888888899          0900000000000010500000000000000000000000000000000000000   0000000000000000000000000A9A4      170192957705     
0010001300264U 020000000000000000000000000000000000000000000000000000000000000000000000000000000000000000000000000000000000000000000000001601201700000000            000000000000000                              000                           
0010001300265T 020180230000001544772 29577050245903693   788888888888889917012017000000000007500001012408888888888888899          0900000000000010500000000000000000000000000000000000000   0000000000000000000000000A9A4      170192957705     
0010001300266U 020000000000000000000000000000000000000000000000000000000000000000000000000000000000000000000000000000000000000000000000001601201700000000            000000000000000                              000                           
0010001300267T 020180230000001544772 29577050245914351   788888888888889917012017000000000007500001012408888888888888899          0900000000000010500000000000000000000000000000000000000   0000000000000000000000000A9A4      170192957705     
0010001300268U 020000000000000000000000000000000000000000000000000000000000000000000000000000000000000000000000000000000000000000000000001601201700000000            000000000000000                              000                           
0010001300269T 020180230000001544772 29577050245916424   788888888888889917012017000000000007500001012408888888888888899          0900000000000010500000000000000000000000000000000000000   0000000000000000000000000A9A4      170192957705     
0010001300270U 020000000000000000000000000000000000000000000000000000000000000000000000000000000000000000000000000000000000000000000000001601201700000000            000000000000000                              000                           
0010001300271T 020180230000001544772 29577050245940452   788888888888889917012017000000000007500001012408888888888888899          0900000000000010500000000000000000000000000000000000000   0000000000000000000000000A9A4      170192957705     
0010001300272U 020000000000000000000000000000000000000000000000000000000000000000000000000000000000000000000000000000000000000000000000001601201700000000            000000000000000                              000                           
0010001300273T 020180230000001544772 29577050245940617   788888888888889917012017000000000007500001012408888888888888899          0900000000000010500000000000000000000000000000000000000   0000000000000000000000000A9A4      170192957705     
0010001300274U 020000000000000000000000000000000000000000000000000000000000000000000000000000000000000000000000000000000000000000000000001601201700000000            000000000000000                              000                           
0010001300275T 020180230000001544772 29577050245950381   788888888888889917012017000000000007500001012408888888888888899          0900000000000010500000000000000000000000000000000000000   0000000000000000000000000A9A4      170192957705     
0010001300276U 020000000000000000000000000000000000000000000000000000000000000000000000000000000000000000000000000000000000000000000000001601201700000000            000000000000000                              000                           
0010001300277T 020180230000001544772 29577050245959628   788888888888889917012017000000000007500001012408888888888888899          0900000000000010500000000000000000000000000000000000000   0000000000000000000000000A9A4      170192957705     
0010001300278U 020000000000000000000000000000000000000000000000000000000000000000000000000000000000000000000000000000000000000000000000001601201700000000            000000000000000                              000                           
0010001300279T 020180230000001544772 29577050246034765   788888888888889917012017000000000007500001012408888888888888899          0900000000000010000000000000000000000000000000000000000   0000000000000000000000000A9        170192957705     
0010001300280U 020000000000000000000000000000000000000000000000000000000000000000000000000000000000000000000000000000000000000000000000001601201700000000            000000000000000                              000                           
0010001300281T 020180230000001544772 29577050246312651   788888888888889917012017000000000007500001012408888888888888899          0900000000000010500000000000000000000000000000000000000   0000000000000000000000000A9A4      170192957705     
0010001300282U 020000000000000000000000000000000000000000000000000000000000000000000000000000000000000000000000000000000000000000000000001601201700000000            000000000000000                              000                           
0010001300283T 020180230000001544772 29577050246356113   788888888888889917012017000000000007500001012408888888888888899          0900000000000010500000000000000000000000000000000000000   0000000000000000000000000A9A4      170192957705     
0010001300284U 020000000000000000000000000000000000000000000000000000000000000000000000000000000000000000000000000000000000000000000000001601201700000000            000000000000000                              000                           
0010001300285T 020180230000001544772 29577050246543086   788888888888889917012017000000000007500001012408888888888888899          0900000000000010000000000000000000000000000000000000000   0000000000000000000000000A9        170192957705     
0010001300286U 020000000000000000000000000000000000000000000000000000000000000000000000000000000000000000000000000000000000000000000000001601201700000000            000000000000000                              000                           
0010001300287T 020180230000001544772 29577050246637198   788888888888889917012017000000000010000001012408888888888888899          0900000000000010000000000000000000000000000000000000000   0000000000000000000000000A9        170192957705     
0010001300288U 020000000000000000000000000000000000000000000000000000000000000000000000000000000000000000000000000000000000000000000000001601201700000000            000000000000000                              000                           
0010001300289T 020180230000001544772 29577050246700302   788888888888889917012017000000000007500001012408888888888888899          0900000000000010000000000000000000000000000000000000000   0000000000000000000000000A9        170192957705     
0010001300290U 020000000000000000000000000000000000000000000000000000000000000000000000000000000000000000000000000000000000000000000000001601201700000000            000000000000000                              000                           
0010001300291T 020180230000001544772 29577050246952979   788888888888889917012017000000000007500001009245888888888888899          0900000000000010000000000000000000000000000000000000000   0000000000000000000000000A9        170192957705     
0010001300292U 020000000000000000000000000000000000000000000000000000000000000000000000000000000000000000000000000000000000000000000000001601201700000000            000000000000000                              000                           
0010001300293T 020180230000001544772 29577050247056211   788888888888889917012017000000000007500001012416888888888888899          0900000000000010000000000000000000000000000000000000000   0000000000000000000000000A9        170192957705     
0010001300294U 020000000000000000000000000000000000000000000000000000000000000000000000000000000000000000000000000000000000000000000000001601201700000000            000000000000000                              000                           
0010001300295T 020180230000001544772 29577050247108210   788888888888889917012017000000000007500001008028888888888888899          0900000000000010000000000000000000000000000000000000000   0000000000000000000000000A9        170192957705     
0010001300296U 020000000000000000000000000000000000000000000000000000000000000000000000000000000000000000000000000000000000000000000000001601201700000000            000000000000000                              000                           
0010001300297T 020180230000001544772 29577050247220006   78888888888888991701201700000000000750000103049X888888888888899          0900000000000010000000000000000000000000000000000000000   0000000000000000000000000A9        170192957705     
0010001300298U 020000000000000000000000000000000000000000000000000000000000000000000000000000000000000000000000000000000000000000000000001601201700000000            000000000000000                              000                           
0010001300299T 020180230000001544772 29577050247242109   78888888888888991701201700000000000750000103049X888888888888899          0900000000000010000000000000000000000000000000000000000   0000000000000000000000000A9        170192957705     
0010001300300U 020000000000000000000000000000000000000000000000000000000000000000000000000000000000000000000000000000000000000000000000001601201700000000            000000000000000                              000                           
0010001300301T 020180230000001544772 29577050247354053   788888888888889917012017000000000007500001012408888888888888899          0900000000000010000000000000000000000000000000000000000   0000000000000000000000000A9        170192957705     
0010001300302U 020000000000000000000000000000000000000000000000000000000000000000000000000000000000000000000000000000000000000000000000001601201700000000            000000000000000                              000                           
0010001300303T 020180230000001544772 29577050247414906   788888888888889917012017000000000007500001012408888888888888899          0900000000000010000000000000000000000000000000000000000   0000000000000000000000000A9        170192957705     
0010001300304U 020000000000000000000000000000000000000000000000000000000000000000000000000000000000000000000000000000000000000000000000001601201700000000            000000000000000                              000                           
0010001300305T 020180230000001544772 29577050247505000   788888888888889917012017000000000007500001012416888888888888899          0900000000000010000000000000000000000000000000000000000   0000000000000000000000000A9        170192957705     
0010001300306U 020000000000000000000000000000000000000000000000000000000000000000000000000000000000000000000000000000000000000000000000001601201700000000            000000000000000                              000                           
0010001300307T 020180230000001544772 29577050247635800   78888888888888991701201700000000000750000100829X888888888888899          0900000000000010000000000000000000000000000000000000000   0000000000000000000000000A9        170192957705     
0010001300308U 020000000000000000000000000000000000000000000000000000000000000000000000000000000000000000000000000000000000000000000000001601201700000000            000000000000000                              000                           
0010001300309T 020180230000001544772 29577050247756656   788888888888889917012017000000000007500001000213888888888888899          0900000000000010000000000000000000000000000000000000000   0000000000000000000000000A9        170192957705     
0010001300310U 020000000000000000000000000000000000000000000000000000000000000000000000000000000000000000000000000000000000000000000000001601201700000000            000000000000000                              000                           
0010001300311T 020180230000001544772 29577050247806458   788888888888889917012017000000000007500001012408888888888888899          0900000000000010000000000000000000000000000000000000000   0000000000000000000000000A9        170192957705     
0010001300312U 020000000000000000000000000000000000000000000000000000000000000000000000000000000000000000000000000000000000000000000000001601201700000000            000000000000000                              000                           
0010001300313T 020180230000001544772 29577050247924915   788888888888889918012017000000000010000001007617888888888888899          0900000000000010000000000000000000000000000000000000000   0000000000000000000000000A9        170192957705     
0010001300314U 020000000000000000000000000000000000000000000000000000000000000000000000000000000000000000000000000000000000000000000000001601201700000000            000000000000000                              000                           
0010001300315T 020180230000001544772 29577050248038553   788888888888889918012017000000000007500001012408888888888888899          0900000000000010000000000000000000000000000000000000000   0000000000000000000000000A9        170192957705     
0010001300316U 020000000000000000000000000000000000000000000000000000000000000000000000000000000000000000000000000000000000000000000000001601201700000000            000000000000000                              000                           
0010001300317T 020180230000001544772 29577050248038779   788888888888889918012017000000000007500001012408888888888888899          0900000000000010000000000000000000000000000000000000000   0000000000000000000000000A9        170192957705     
0010001300318U 020000000000000000000000000000000000000000000000000000000000000000000000000000000000000000000000000000000000000000000000001601201700000000            000000000000000                              000                           
0010001300319T 020180230000001544772 29577050248129461   788888888888889918012017000000000007500001000213888888888888899          0900000000000010000000000000000000000000000000000000000   0000000000000000000000000A9        170192957705     
0010001300320U 020000000000000000000000000000000000000000000000000000000000000000000000000000000000000000000000000000000000000000000000001601201700000000            000000000000000                              000                           
0010001300321T 020180230000001544772 29577050248242726   788888888888889918012017000000000007500001012416888888888888899          0900000000000010000000000000000000000000000000000000000   0000000000000000000000000A9        170192957705     
0010001300322U 020000000000000000000000000000000000000000000000000000000000000000000000000000000000000000000000000000000000000000000000001601201700000000            000000000000000                              000                           
0010001300323T 020180230000001544772 29577050248353734   788888888888889918012017000000000007500001002224888888888888899          0900000000000010000000000000000000000000000000000000000   0000000000000000000000000A9        170192957705     
0010001300324U 020000000000000000000000000000000000000000000000000000000000000000000000000000000000000000000000000000000000000000000000001601201700000000            000000000000000                              000                           
0010001300325T 020180230000001544772 29577050248441824   788888888888889918012017000000000007500001012416888888888888899          0900000000000010000000000000000000000000000000000000000   0000000000000000000000000A9        170192957705     
0010001300326U 020000000000000000000000000000000000000000000000000000000000000000000000000000000000000000000000000000000000000000000000001601201700000000            000000000000000                              000                           
0010001300327T 020180230000001544772 29577050248613907   788888888888889918012017000000000007500001012408888888888888899          0900000000000010000000000000000000000000000000000000000   0000000000000000000000000A9        170192957705     
0010001300328U 020000000000000000000000000000000000000000000000000000000000000000000000000000000000000000000000000000000000000000000000001601201700000000            000000000000000                              000                           
0010001300329T 020180230000001544772 29577050248816969   788888888888889918012017000000000007500001046280888888888888899          0900000000000010000000000000000000000000000000000000000   0000000000000000000000000A9        170192957705     
0010001300330U 020000000000000000000000000000000000000000000000000000000000000000000000000000000000000000000000000000000000000000000000001601201700000000            000000000000000                              000                           
0010001300331T 020180230000001544772 29577050248951586   788888888888889918012017000000000007500001000213888888888888899          0900000000000010000000000000000000000000000000000000000   0000000000000000000000000A9        170192957705     
0010001300332U 020000000000000000000000000000000000000000000000000000000000000000000000000000000000000000000000000000000000000000000000001601201700000000            000000000000000                              000                           
0010001300333T 020180230000001544772 29577050249056336   788888888888889918012017000000000007500001012408888888888888899          0900000000000010000000000000000000000000000000000000000   0000000000000000000000000A9        170192957705     
0010001300334U 020000000000000000000000000000000000000000000000000000000000000000000000000000000000000000000000000000000000000000000000001601201700000000            000000000000000                              000                           
0010001300335T 020180230000001544772 29577050249056423   788888888888889918012017000000000007500001012408888888888888899          0900000000000010000000000000000000000000000000000000000   0000000000000000000000000A9        170192957705     
0010001300336U 020000000000000000000000000000000000000000000000000000000000000000000000000000000000000000000000000000000000000000000000001601201700000000            000000000000000                              000                           
0010001300337T 020180230000001544772 29577050249056552   788888888888889918012017000000000007500001012408888888888888899          0900000000000010000000000000000000000000000000000000000   0000000000000000000000000A9        170192957705     
0010001300338U 020000000000000000000000000000000000000000000000000000000000000000000000000000000000000000000000000000000000000000000000001601201700000000            000000000000000                              000                           
0010001300339T 020180230000001544772 29577050249105290   788888888888889918012017000000000010000001000213888888888888899          0900000000000010000000000000000000000000000000000000000   0000000000000000000000000A9        170192957705     
0010001300340U 020000000000000000000000000000000000000000000000000000000000000000000000000000000000000000000000000000000000000000000000001601201700000000            000000000000000                              000                           
0010001300341T 020180230000001544772 29577050249242464   788888888888889918012017000000000007500001012416888888888888899          0900000000000010500000000000000000000000000000000000000   0000000000000000000000000A9A4      170192957705     
0010001300342U 020000000000000000000000000000000000000000000000000000000000000000000000000000000000000000000000000000000000000000000000001601201700000000            000000000000000                              000                           
0010001300343T 020180230000001544772 29577050249338050   788888888888889918012017000000000007500001012408888888888888899          0900000000000010000000000000000000000000000000000000000   0000000000000000000000000A9        170192957705     
0010001300344U 020000000000000000000000000000000000000000000000000000000000000000000000000000000000000000000000000000000000000000000000001601201700000000            000000000000000                              000                           
0010001300345T 020180230000001544772 29577050249403817   788888888888889918012017000000000007500001012416888888888888899          0900000000000010500000000000000000000000000000000000000   0000000000000000000000000A9A4      170192957705     
0010001300346U 020000000000000000000000000000000000000000000000000000000000000000000000000000000000000000000000000000000000000000000000001601201700000000            000000000000000                              000                           
0010001300347T 020180230000001544772 29577050249717070   788888888888889918012017000000000007500001000833888888888888899          0900000000000010000000000000000000000000000000000000000   0000000000000000000000000A9        170192957705     
0010001300348U 020000000000000000000000000000000000000000000000000000000000000000000000000000000000000000000000000000000000000000000000001601201700000000            000000000000000                              000                           
0010001300349T 020180230000001544772 29577050249818660   788888888888889918012017000000000007500001012416888888888888899          0900000000000010000000000000000000000000000000000000000   0000000000000000000000000A9        170192957705     
0010001300350U 020000000000000000000000000000000000000000000000000000000000000000000000000000000000000000000000000000000000000000000000001601201700000000            000000000000000                              000                           
0010001300351T 020180230000001544772 29577050249955062   78888888888888991801201700000000000750000103049X888888888888899          0900000000000010000000000000000000000000000000000000000   0000000000000000000000000A9        170192957705     
0010001300352U 020000000000000000000000000000000000000000000000000000000000000000000000000000000000000000000000000000000000000000000000001601201700000000            000000000000000                              000                           
0010001300353T 020180230000001544772 29577050250057040   78888888888888991801201700000000000750000103696X888888888888899          0900000000000010000000000000000000000000000000000000000   0000000000000000000000000A9        170192957705     
0010001300354U 020000000000000000000000000000000000000000000000000000000000000000000000000000000000000000000000000000000000000000000000001601201700000000            000000000000000                              000                           
0010001300355T 020180230000001544772 29577050250135649   788888888888889918012017000000000007500001012408888888888888899          0900000000000010000000000000000000000000000000000000000   0000000000000000000000000A9        170192957705     
0010001300356U 020000000000000000000000000000000000000000000000000000000000000000000000000000000000000000000000000000000000000000000000001601201700000000            000000000000000                              000                           
0010001300357T 020180230000001544772 29577050250230482   788888888888889918012017000000000007500001000213888888888888899          0900000000000010000000000000000000000000000000000000000   0000000000000000000000000A9        170192957705     
0010001300358U 020000000000000000000000000000000000000000000000000000000000000000000000000000000000000000000000000000000000000000000000001601201700000000            000000000000000                              000                           
0010001300359T 060180230000001544772 29577050062108646   788888888888889918012017000000000007500104020160888888888888899          0900000000000010000000000000000000000000000000000000000   000000000000000000000029000        170192957705     
0010001300360U 060000000000000000000000000000000000000000000000000000000000000000000000075000000000000072100000000000000000000000000000001601201717012017            000000000000000                              000                           
0010001300361T 170180230000001544772 29577050119955286   7               00000000000000000010000104025210                         0900000000000010000000000000000000000000000000000000000   000000000000000000000070003        170192957705     
0010001300362U 170000000000000000000000000000000000000000000000000000000000000000000000100000000000000093000000000000000000000000000000001601201717012017            000000000000000                              000                           
0010001300363T 060180230000001544772 29577050148810887   788888888888889918012017000000000007500104008800888888888888899          0900000000000010000000000000000000000000000000000000000   000000000000000000000029000        170192957705     
0010001300364U 060000000000000000000000000000000000000000000000000000000000000000000000075000000000000072100000000000000000000000000000001601201717012017            000000000000000                              000                           
0010001300365T 060180230000001544772 29577050217657724   788888888888889915012017000000000007500104036590888888888888899          0900000000000010000000000000000000000000000000000000000   000000000000000000000029000        170192957705     
0010001300366U 060000000000000000000000000000000000000000000000000000000000000000000000075000000000000072100000000000000000000000000000001601201717012017            000000000000000                              000                           
0010001300367T 170180230000001544772 29577050223446995   7               00000000000000000007500212000010                         0900000000000010000000000000000000000000000000000000000   000000000000000000000070003        170192957705     
0010001300368U 170000000000000000000000000000000000000000000000000000000000000000000000075000000000000068000000000000000000000000000000001601201717012017            000000000000000                              000                           
0010001300369T 170180230000001544772 29577050225325866   7               00000000000000000007500001036625                         0900000000000010000000000000000000000000000000000000000   000000000000000000000070003        170192957705     
0010001300370U 170000000000000000000000000000000000000000000000000000000000000000000000075000000000000068000000000000000000000000000000001601201717012017            000000000000000                              000                           
0010001300371T 170180230000001544772 29577050225454699   7               00000000000000000010000001012416                         0900000000000010000000000000000000000000000000000000000   000000000000000000000070003        170192957705     
0010001300372U 170000000000000000000000000000000000000000000000000000000000000000000000100000000000000093000000000000000000000000000000001601201717012017            000000000000000                              000                           
0010001300373T 170180230000001544772 29577050226120480   7               00000000000000000007500021002760                         0900000000000010000000000000000000000000000000000000000   000000000000000000000070003        170192957705     
0010001300374U 170000000000000000000000000000000000000000000000000000000000000000000000075000000000000068000000000000000000000000000000001601201717012017            000000000000000                              000                           
0010001300375T 170180230000001544772 29577050228633795   7               00000000000000000007500033022880                         0900000000000010000000000000000000000000000000000000000   000000000000000000000070003        170192957705     
0010001300376U 170000000000000000000000000000000000000000000000000000000000000000000000075000000000000068000000000000000000000000000000001601201717012017            000000000000000                              000                           
0010001300377T 060180230000001544772 29577050228851813   788888888888889918012017000000000007500001078166888888888888899          0900000000000010000000000000000000000000000000000000000   000000000000000000000029000        170192957705     
0010001300378U 060000000000000000000000000000000000000000000000000000000000000000000000075000000000000072100000000000000000000000000000001601201717012017            000000000000000                              000                           
0010001300379T 060180230000001544772 29577050230823911   788888888888889915012017000000000007500104003990888888888888899          0900000000000010000000000000000000000000000000000000000   000000000000000000000029000        170192957705     
0010001300380U 060000000000000000000000000000000000000000000000000000000000000000000000075000000000000072100000000000000000000000000000001601201717012017            000000000000000                              000                           
0010001300381T 060180230000001544772 29577050237407258   788888888888889915012017000000000007500104005900888888888888899          0900000000000010000000000000000000000000000000000000000   000000000000000000000029000        170192957705     
0010001300382U 060000000000000000000000000000000000000000000000000000000000000000000000075000000000000072100000000000000000000000000000001601201717012017            000000000000000                              000                           
0010001300383T 060180230000001544772 29577050238509794   788888888888889916012017000000000007500104016430888888888888899          0900000000000010000000000000000000000000000000000000000   000000000000000000000029000        170192957705     
0010001300384U 060000000000000000000000000000000000000000000000000000000000000000000000075000000000000072100000000000000000000000000000001601201717012017            000000000000000                              000                           
0010001300385T 060180230000001544772 29577050242204539   788888888888889916012017000000000007500001029211888888888888899          0900000000000010000000000000000000000000000000000000000   000000000000000000000029000        170192957705     
0010001300386U 060000000000000000000000000000000000000000000000000000000000000000000000075000000000000072100000000000000000000000000000001601201717012017            000000000000000                              000                           
0010001300387T 060180230000001544772 29577050242537674   788888888888889916012017000000000007500021001030888888888888899          0900000000000010000000000000000000000000000000000000000   000000000000000000000029000        170192957705     
0010001300388U 060000000000000000000000000000000000000000000000000000000000000000000000075000000000000072100000000000000000000000000000001601201717012017            000000000000000                              000                           
0010001300389T 060180230000001544772 29577050242809384   788888888888889918012017000000000007500104015390888888888888899          0900000000000010000000000000000000000000000000000000000   000000000000000000000029000        170192957705     
0010001300390U 060000000000000000000000000000000000000000000000000000000000000000000000075000000000000072100000000000000000000000000000001601201717012017            000000000000000                              000                           
0010001300391T 060180230000001544772 29577050243323821   788888888888889916012017000000000010000021000920888888888888899          0900000000000010000000000000000000000000000000000000000   000000000000000000000029000        170192957705     
0010001300392U 060000000000000000000000000000000000000000000000000000000000000000000000100000000000000097100000000000000000000000000000001601201717012017            000000000000000                              000                           
0010001300393T 060180230000001544772 29577050243815606   788888888888889916012017000000000010000021002790888888888888899          0900000000000010000000000000000000000000000000000000000   000000000000000000000029000        170192957705     
0010001300394U 060000000000000000000000000000000000000000000000000000000000000000000000100000000000000097100000000000000000000000000000001601201717012017            000000000000000                              000                           
0010001300395T 170180230000001544772 29577050253716215   7               00000000000000000010000104001730                         0900000000000010000000000000000000000000000000000000000   000000000000000000000070003        170192957705     
0010001300396U 170000000000000000000000000000000000000000000000000000000000000000000000100000000000000093000000000000000000000000000000001601201717012017            000000000000000                              000                           
0010001300397T 030180230000001544772 29577050004830593   78888888888888991801201700000000000750000100000 888888888888899          0900000000000000000000000000000000000000000000000000000   000000000000000000000000046        170192957705     
0010001300398U 030000000000000000000000000000000000000000000000000000000000000000000000000000000000000000000000000000000000000000000000001601201700000000            000000000000000                              000                           
0010001300399T 030180230000001544772 29577050014450272   78888888888888991801201700000000000750000100000 888888888888899          0900000000000000000000000000000000000000000000000000000   000000000000000000000000063        170192957705     
0010001300400U 030000000000000000000000000000000000000000000000000000000000000000000000000000000000000000000000000000000000000000000000001601201700000000            000000000000000                              000                           
00100015         000402001127000000000086715000000000000000000000000000000000000000000000000000000000000000000000000000000000000000000000000000000                                                                                              
00199999         000001000404000000                                                                                                                                                            00000000000000000000000000000                    
