00100000         2247745860001000029577050014       0180230000001544772 INSTITUTO DE SELECAO E TECNOLOBANCO DO BRASIL                         21901201701173100005803000000515122941PROCESSAMEN                                                 
00100011T0100020 20247745860001000029577050014       0180230000001544772 INSTITUTO DE SELECAO E TECNOLO                                                                                000000001901201700000000  000000000                      
0010001300001T 020180230000001544772 29577050038159306   78888888888888992001201700000000000750000103049X888888888888899          0900000000000010000000000000000000000000000000000000000   0000000000000000000000000A9        170192957705     
0010001300002U 020000000000000000000000000000000000000000000000000000000000000000000000000000000000000000000000000000000000000000000000001901201700000000            000000000000000                              000                           
0010001300003T 020180230000001544772 29577050039050403   788888888888889920012017000000000007500001012408888888888888899          0900000000000010000000000000000000000000000000000000000   0000000000000000000000000A9        170192957705     
0010001300004U 020000000000000000000000000000000000000000000000000000000000000000000000000000000000000000000000000000000000000000000000001901201700000000            000000000000000                              000                           
0010001300005T 020180230000001544772 29577050046253221   788888888888889920012017000000000007500001012408888888888888899          0900000000000010000000000000000000000000000000000000000   0000000000000000000000000A9        170192957705     
0010001300006U 020000000000000000000000000000000000000000000000000000000000000000000000000000000000000000000000000000000000000000000000001901201700000000            000000000000000                              000                           
0010001300007T 020180230000001544772 29577050048224248   78888888888888992001201700000000000750000103049X888888888888899          0900000000000010000000000000000000000000000000000000000   0000000000000000000000000A9        170192957705     
0010001300008U 020000000000000000000000000000000000000000000000000000000000000000000000000000000000000000000000000000000000000000000000001901201700000000            000000000000000                              000                           
0010001300009T 020180230000001544772 29577050048445371   788888888888889920012017000000000007500001012416888888888888899          0900000000000010000000000000000000000000000000000000000   0000000000000000000000000A9        170192957705     
0010001300010U 020000000000000000000000000000000000000000000000000000000000000000000000000000000000000000000000000000000000000000000000001901201700000000            000000000000000                              000                           
0010001300011T 020180230000001544772 29577050049952823   788888888888889920012017000000000007500001009245888888888888899          0900000000000010500000000000000000000000000000000000000   0000000000000000000000000A9A4      170192957705     
0010001300012U 020000000000000000000000000000000000000000000000000000000000000000000000000000000000000000000000000000000000000000000000001901201700000000            000000000000000                              000                           
0010001300013T 020180230000001544772 29577050080837890   788888888888889920012017000000000007500001004782888888888888899          0900000000000010000000000000000000000000000000000000000   0000000000000000000000000A9        170192957705     
0010001300014U 020000000000000000000000000000000000000000000000000000000000000000000000000000000000000000000000000000000000000000000000001901201700000000            000000000000000                              000                           
0010001300015T 020180230000001544772 29577050174517955   788888888888889920012017000000000007500001000213888888888888899          0900000000000010000000000000000000000000000000000000000   0000000000000000000000000A9        170192957705     
0010001300016U 020000000000000000000000000000000000000000000000000000000000000000000000000000000000000000000000000000000000000000000000001901201700000000            000000000000000                              000                           
0010001300017T 020180230000001544772 29577050174518134   788888888888889920012017000000000007500001000213888888888888899          0900000000000010000000000000000000000000000000000000000   0000000000000000000000000A9        170192957705     
0010001300018U 020000000000000000000000000000000000000000000000000000000000000000000000000000000000000000000000000000000000000000000000001901201700000000            000000000000000                              000                           
0010001300019T 020180230000001544772 29577050241428699   788888888888889920012017000000000007500001009245888888888888899          0900000000000010000000000000000000000000000000000000000   0000000000000000000000000A9        170192957705     
0010001300020U 020000000000000000000000000000000000000000000000000000000000000000000000000000000000000000000000000000000000000000000000001901201700000000            000000000000000                              000                           
0010001300021T 020180230000001544772 29577050257252501   788888888888889920012017000000000007500001001120888888888888899          0900000000000010000000000000000000000000000000000000000   0000000000000000000000000A9        170192957705     
0010001300022U 020000000000000000000000000000000000000000000000000000000000000000000000000000000000000000000000000000000000000000000000001901201700000000            000000000000000                              000                           
0010001300023T 020180230000001544772 29577050270919164   788888888888889920012017000000000007500001012408888888888888899          0900000000000010000000000000000000000000000000000000000   0000000000000000000000000A9        170192957705     
0010001300024U 020000000000000000000000000000000000000000000000000000000000000000000000000000000000000000000000000000000000000000000000001901201700000000            000000000000000                              000                           
0010001300025T 020180230000001544772 29577050271017526   788888888888889920012017000000000007500001000213888888888888899          0900000000000010000000000000000000000000000000000000000   0000000000000000000000000A9        170192957705     
0010001300026U 020000000000000000000000000000000000000000000000000000000000000000000000000000000000000000000000000000000000000000000000001901201700000000            000000000000000                              000                           
0010001300027T 020180230000001544772 29577050271149863   788888888888889920012017000000000007500001012408888888888888899          0900000000000010000000000000000000000000000000000000000   0000000000000000000000000A9        170192957705     
0010001300028U 020000000000000000000000000000000000000000000000000000000000000000000000000000000000000000000000000000000000000000000000001901201700000000            000000000000000                              000                           
0010001300029T 020180230000001544772 29577050271208728   788888888888889920012017000000000007500001012408888888888888899          0900000000000010000000000000000000000000000000000000000   0000000000000000000000000A9        170192957705     
0010001300030U 020000000000000000000000000000000000000000000000000000000000000000000000000000000000000000000000000000000000000000000000001901201700000000            000000000000000                              000                           
0010001300031T 020180230000001544772 29577050271317736   78888888888888992001201700000000000750000103049X888888888888899          0900000000000010000000000000000000000000000000000000000   0000000000000000000000000A9        170192957705     
0010001300032U 020000000000000000000000000000000000000000000000000000000000000000000000000000000000000000000000000000000000000000000000001901201700000000            000000000000000                              000                           
0010001300033T 020180230000001544772 29577050271322183   78888888888888992001201700000000000750000103049X888888888888899          0900000000000010000000000000000000000000000000000000000   0000000000000000000000000A9        170192957705     
0010001300034U 020000000000000000000000000000000000000000000000000000000000000000000000000000000000000000000000000000000000000000000000001901201700000000            000000000000000                              000                           
0010001300035T 020180230000001544772 29577050271458893   788888888888889920012017000000000007500001000833888888888888899          0900000000000010500000000000000000000000000000000000000   0000000000000000000000000A9A4      170192957705     
0010001300036U 020000000000000000000000000000000000000000000000000000000000000000000000000000000000000000000000000000000000000000000000001901201700000000            000000000000000                              000                           
0010001300037T 020180230000001544772 29577050271619512   788888888888889920012017000000000007500001012408888888888888899          0900000000000010000000000000000000000000000000000000000   0000000000000000000000000A9        170192957705     
0010001300038U 020000000000000000000000000000000000000000000000000000000000000000000000000000000000000000000000000000000000000000000000001901201700000000            000000000000000                              000                           
0010001300039T 020180230000001544772 29577050271718239   788888888888889920012017000000000007500001002224888888888888899          0900000000000010000000000000000000000000000000000000000   0000000000000000000000000A9        170192957705     
0010001300040U 020000000000000000000000000000000000000000000000000000000000000000000000000000000000000000000000000000000000000000000000001901201700000000            000000000000000                              000                           
0010001300041T 020180230000001544772 29577050271835928   788888888888889920012017000000000007500001012408888888888888899          0900000000000010000000000000000000000000000000000000000   0000000000000000000000000A9        170192957705     
0010001300042U 020000000000000000000000000000000000000000000000000000000000000000000000000000000000000000000000000000000000000000000000001901201700000000            000000000000000                              000                           
0010001300043T 020180230000001544772 29577050271914605   788888888888889920012017000000000007500001012416888888888888899          0900000000000010000000000000000000000000000000000000000   0000000000000000000000000A9        170192957705     
0010001300044U 020000000000000000000000000000000000000000000000000000000000000000000000000000000000000000000000000000000000000000000000001901201700000000            000000000000000                              000                           
0010001300045T 020180230000001544772 29577050272024597   78888888888888992001201700000000000750000103049X888888888888899          0900000000000010000000000000000000000000000000000000000   0000000000000000000000000A9        170192957705     
0010001300046U 020000000000000000000000000000000000000000000000000000000000000000000000000000000000000000000000000000000000000000000000001901201700000000            000000000000000                              000                           
0010001300047T 020180230000001544772 29577050272036143   78888888888888992001201700000000000750000103049X888888888888899          0900000000000010000000000000000000000000000000000000000   0000000000000000000000000A9        170192957705     
0010001300048U 020000000000000000000000000000000000000000000000000000000000000000000000000000000000000000000000000000000000000000000000001901201700000000            000000000000000                              000                           
0010001300049T 020180230000001544772 29577050272231268   78888888888888992001201700000000000750000103049X888888888888899          0900000000000010000000000000000000000000000000000000000   0000000000000000000000000A9        170192957705     
0010001300050U 020000000000000000000000000000000000000000000000000000000000000000000000000000000000000000000000000000000000000000000000001901201700000000            000000000000000                              000                           
0010001300051T 020180230000001544772 29577050272312643   788888888888889920012017000000000007500001012408888888888888899          0900000000000010500000000000000000000000000000000000000   0000000000000000000000000A9A4      170192957705     
0010001300052U 020000000000000000000000000000000000000000000000000000000000000000000000000000000000000000000000000000000000000000000000001901201700000000            000000000000000                              000                           
0010001300053T 020180230000001544772 29577050272410092   788888888888889920012017000000000007500001000213888888888888899          0900000000000010000000000000000000000000000000000000000   0000000000000000000000000A9        170192957705     
0010001300054U 020000000000000000000000000000000000000000000000000000000000000000000000000000000000000000000000000000000000000000000000001901201700000000            000000000000000                              000                           
0010001300055T 020180230000001544772 29577050272511750   78888888888888992001201700000000000750000103049X888888888888899          0900000000000010000000000000000000000000000000000000000   0000000000000000000000000A9        170192957705     
0010001300056U 020000000000000000000000000000000000000000000000000000000000000000000000000000000000000000000000000000000000000000000000001901201700000000            000000000000000                              000                           
0010001300057T 020180230000001544772 29577050272519247   78888888888888992001201700000000000750000103049X888888888888899          0900000000000010000000000000000000000000000000000000000   0000000000000000000000000A9        170192957705     
0010001300058U 020000000000000000000000000000000000000000000000000000000000000000000000000000000000000000000000000000000000000000000000001901201700000000            000000000000000                              000                           
0010001300059T 020180230000001544772 29577050272528724   78888888888888992001201700000000000750000103049X888888888888899          0900000000000010000000000000000000000000000000000000000   0000000000000000000000000A9        170192957705     
0010001300060U 020000000000000000000000000000000000000000000000000000000000000000000000000000000000000000000000000000000000000000000000001901201700000000            000000000000000                              000                           
0010001300061T 020180230000001544772 29577050272546417   78888888888888992001201700000000000750000103049X888888888888899          0900000000000010000000000000000000000000000000000000000   0000000000000000000000000A9        170192957705     
0010001300062U 020000000000000000000000000000000000000000000000000000000000000000000000000000000000000000000000000000000000000000000000001901201700000000            000000000000000                              000                           
0010001300063T 020180230000001544772 29577050272625473   788888888888889920012017000000000007500001000833888888888888899          0900000000000010000000000000000000000000000000000000000   0000000000000000000000000A9        170192957705     
0010001300064U 020000000000000000000000000000000000000000000000000000000000000000000000000000000000000000000000000000000000000000000000001901201700000000            000000000000000                              000                           
0010001300065T 020180230000001544772 29577050272736666   788888888888889920012017000000000007500001000213888888888888899          0900000000000010000000000000000000000000000000000000000   0000000000000000000000000A9        170192957705     
0010001300066U 020000000000000000000000000000000000000000000000000000000000000000000000000000000000000000000000000000000000000000000000001901201700000000            000000000000000                              000                           
0010001300067T 020180230000001544772 29577050272852038   78888888888888992001201700000000001000000103049X888888888888899          0900000000000010000000000000000000000000000000000000000   0000000000000000000000000A9        170192957705     
0010001300068U 020000000000000000000000000000000000000000000000000000000000000000000000000000000000000000000000000000000000000000000000001901201700000000            000000000000000                              000                           
0010001300069T 020180230000001544772 29577050272904129   788888888888889920012017000000000007500001012408888888888888899          0900000000000010500000000000000000000000000000000000000   0000000000000000000000000A9A4      170192957705     
0010001300070U 020000000000000000000000000000000000000000000000000000000000000000000000000000000000000000000000000000000000000000000000001901201700000000            000000000000000                              000                           
0010001300071T 020180230000001544772 29577050273018079   78888888888888992001201700000000000750000103049X888888888888899          0900000000000010000000000000000000000000000000000000000   0000000000000000000000000A9        170192957705     
0010001300072U 020000000000000000000000000000000000000000000000000000000000000000000000000000000000000000000000000000000000000000000000001901201700000000            000000000000000                              000                           
0010001300073T 020180230000001544772 29577050273109223   78888888888888992001201700000000001000000100166X888888888888899          0900000000000010000000000000000000000000000000000000000   0000000000000000000000000A9        170192957705     
0010001300074U 020000000000000000000000000000000000000000000000000000000000000000000000000000000000000000000000000000000000000000000000001901201700000000            000000000000000                              000                           
0010001300075T 020180230000001544772 29577050273213018   788888888888889920012017000000000007500001012408888888888888899          0900000000000010000000000000000000000000000000000000000   0000000000000000000000000A9        170192957705     
0010001300076U 020000000000000000000000000000000000000000000000000000000000000000000000000000000000000000000000000000000000000000000000001901201700000000            000000000000000                              000                           
0010001300077T 020180230000001544772 29577050273355731   788888888888889920012017000000000007500001000213888888888888899          0900000000000010000000000000000000000000000000000000000   0000000000000000000000000A9        170192957705     
0010001300078U 020000000000000000000000000000000000000000000000000000000000000000000000000000000000000000000000000000000000000000000000001901201700000000            000000000000000                              000                           
0010001300079T 020180230000001544772 29577050273439178   788888888888889920012017000000000007500001008060888888888888899          0900000000000010000000000000000000000000000000000000000   0000000000000000000000000A9        170192957705     
0010001300080U 020000000000000000000000000000000000000000000000000000000000000000000000000000000000000000000000000000000000000000000000001901201700000000            000000000000000                              000                           
0010001300081T 020180230000001544772 29577050273527630   78888888888888992001201700000000000750000103049X888888888888899          0900000000000010000000000000000000000000000000000000000   0000000000000000000000000A9        170192957705     
0010001300082U 020000000000000000000000000000000000000000000000000000000000000000000000000000000000000000000000000000000000000000000000001901201700000000            000000000000000                              000                           
0010001300083T 020180230000001544772 29577050273622074   788888888888889920012017000000000010000001008060888888888888899          0900000000000010000000000000000000000000000000000000000   0000000000000000000000000A9        170192957705     
0010001300084U 020000000000000000000000000000000000000000000000000000000000000000000000000000000000000000000000000000000000000000000000001901201700000000            000000000000000                              000                           
0010001300085T 020180230000001544772 29577050273647640   788888888888889920012017000000000010000001008060888888888888899          0900000000000010000000000000000000000000000000000000000   0000000000000000000000000A9        170192957705     
0010001300086U 020000000000000000000000000000000000000000000000000000000000000000000000000000000000000000000000000000000000000000000000001901201700000000            000000000000000                              000                           
0010001300087T 020180230000001544772 29577050273740572   788888888888889920012017000000000007500001001554888888888888899          0900000000000010000000000000000000000000000000000000000   0000000000000000000000000A9        170192957705     
0010001300088U 020000000000000000000000000000000000000000000000000000000000000000000000000000000000000000000000000000000000000000000000001901201700000000            000000000000000                              000                           
0010001300089T 170180230000001544772 29577050146131684   7               00000000000000000007500104019780                         0900000000000010000000000000000000000000000000000000000   000000000000000000000070003        170192957705     
0010001300090U 170000000000000000000000000000000000000000000000000000000000000000000000075000000000000068000000000000000000000000000000001901201720012017            000000000000000                              000                           
0010001300091T 170180230000001544772 29577050146244494   7               00000000000000000007500104019780                         0900000000000010000000000000000000000000000000000000000   000000000000000000000070003        170192957705     
0010001300092U 170000000000000000000000000000000000000000000000000000000000000000000000075000000000000068000000000000000000000000000000001901201720012017            000000000000000                              000                           
0010001300093T 170180230000001544772 29577050203340577   7               00000000000000000010000021002740                         0900000000000010000000000000000000000000000000000000000   000000000000000000000070003        170192957705     
0010001300094U 170000000000000000000000000000000000000000000000000000000000000000000000100000000000000093000000000000000000000000000000001901201720012017            000000000000000                              000                           
0010001300095T 170180230000001544772 29577050223150141   7               00000000000000000010000104030840                         0900000000000010000000000000000000000000000000000000000   000000000000000000000070003        170192957705     
0010001300096U 170000000000000000000000000000000000000000000000000000000000000000000000100000000000000093000000000000000000000000000000001901201720012017            000000000000000                              000                           
0010001300097T 060180230000001544772 29577050234640605   788888888888889920012017000000000007500104020160888888888888899          0900000000000010000000000000000000000000000000000000000   000000000000000000000029000        170192957705     
0010001300098U 060000000000000000000000000000000000000000000000000000000000000000000000075000000000000072100000000000000000000000000000001901201720012017            000000000000000                              000                           
0010001300099T 060180230000001544772 29577050234720313   788888888888889920012017000000000007500021001050888888888888899          0900000000000010000000000000000000000000000000000000000   000000000000000000000029000        170192957705     
0010001300100U 060000000000000000000000000000000000000000000000000000000000000000000000075000000000000072100000000000000000000000000000001901201720012017            000000000000000                              000                           
0010001300101T 060180230000001544772 29577050237130277   788888888888889920012017000000000007500033022880888888888888899          0900000000000010000000000000000000000000000000000000000   000000000000000000000029000        170192957705     
0010001300102U 060000000000000000000000000000000000000000000000000000000000000000000000075000000000000072100000000000000000000000000000001901201720012017            000000000000000                              000                           
0010001300103T 170180230000001544772 29577050254945074   7               00000000000000000007500021002740                         0900000000000010000000000000000000000000000000000000000   000000000000000000000070003        170192957705     
0010001300104U 170000000000000000000000000000000000000000000000000000000000000000000000075000000000000068000000000000000000000000000000001901201720012017            000000000000000                              000                           
0010001300105T 060180230000001544772 29577050261605629   788888888888889919012017000000000007500001059781888888888888899          0900000000000010000000000000000000000000000000000000000   000000000000000000000029000        170192957705     
0010001300106U 060000000000000000000000000000000000000000000000000000000000000000000000075000000000000072100000000000000000000000000000001901201720012017            000000000000000                              000                           
0010001300107T 060180230000001544772 29577050261918269   788888888888889919012017000000000007500021000590888888888888899          0900000000000010000000000000000000000000000000000000000   000000000000000000000029000        170192957705     
0010001300108U 060000000000000000000000000000000000000000000000000000000000000000000000075000000000000072100000000000000000000000000000001901201720012017            000000000000000                              000                           
0010001300109T 060180230000001544772 29577050263834332   788888888888889919012017000000000007500104006620888888888888899          0900000000000010000000000000000000000000000000000000000   000000000000000000000029000        170192957705     
0010001300110U 060000000000000000000000000000000000000000000000000000000000000000000000075000000000000072100000000000000000000000000000001901201720012017            000000000000000                              000                           
0010001300111T 060180230000001544772 29577050268307966   788888888888889920012017000000000007500237029980888888888888899          0900000000000010000000000000000000000000000000000000000   000000000000000000000029000        170192957705     
0010001300112U 060000000000000000000000000000000000000000000000000000000000000000000000075000000000000072100000000000000000000000000000001901201720012017            000000000000000                              000                           
0010001300113T 060180230000001544772 29577050268716905   788888888888889920012017000000000007500021000840888888888888899          0900000000000010000000000000000000000000000000000000000   000000000000000000000029000        170192957705     
0010001300114U 060000000000000000000000000000000000000000000000000000000000000000000000075000000000000072100000000000000000000000000000001901201720012017            000000000000000                              000                           
0010001300115T 060180230000001544772 29577050271208728   788888888888889920012017000000000007500104031320888888888888899          0900000000000010000000000000000000000000000000000000000   000000000000000000000029000        170192957705     
0010001300116U 060000000000000000000000000000000000000000000000000000000000000000000000075000000000000072100000000000000000000000000000001901201720012017            000000000000000                              000                           
0010001300117T 170180230000001544772 29577050276029774   7               00000000000000000010000341042760                         0900000000000010000000000000000000000000000000000000000   000000000000000000000070003        170192957705     
0010001300118U 170000000000000000000000000000000000000000000000000000000000000000000000100000000000000093000000000000000000000000000000001901201720012017            000000000000000                              000                           
0010001300119T 170180230000001544772 29577050276501680   7               00000000000000000007500001013013                         0900000000000010000000000000000000000000000000000000000   000000000000000000000070003        170192957705     
0010001300120U 170000000000000000000000000000000000000000000000000000000000000000000000075000000000000068000000000000000000000000000000001901201720012017            000000000000000                              000                           
0010001300121T 030180230000001544772 29577050037926447   78888888888888992001201700000000000750000100000 888888888888899          0900000000000000000000000000000000000000000000000000000   000000000000000000000000063        170192957705     
0010001300122U 030000000000000000000000000000000000000000000000000000000000000000000000000000000000000000000000000000000000000000000000001901201700000000            000000000000000                              000                           
00100015         000124001467000000000112715000000000000000000000000000000000000000000000000000000000000000000000000000000000000000000000000000000                                                                                              
00199999         000001000126000000                                                                                                                                                            00000000000000000000000000000                    
