00100000         2247745860001000029577050014       0180230000001544772 INSTITUTO DE SELECAO E TECNOLOBANCO DO BRASIL                         22601201702195600006803000000515122941PROCESSAMEN                                                 
00100011T0100020 20247745860001000029577050014       0180230000001544772 INSTITUTO DE SELECAO E TECNOLO                                                                                000000002601201700000000  000000000                      
0010001300001T 020180230000001544772 29577050063132681   78888888888888992801201700000000000750000103049X888888888888899          0900000000000010000000000000000000000000000000000000000   0000000000000000000000000A9        170192957705     
0010001300002U 020000000000000000000000000000000000000000000000000000000000000000000000000000000000000000000000000000000000000000000000002601201700000000            000000000000000                              000                           
0010001300003T 020180230000001544772 29577050063157652   78888888888888992801201700000000000750000103049X888888888888899          0900000000000010000000000000000000000000000000000000000   0000000000000000000000000A9        170192957705     
0010001300004U 020000000000000000000000000000000000000000000000000000000000000000000000000000000000000000000000000000000000000000000000002601201700000000            000000000000000                              000                           
0010001300005T 020180230000001544772 29577050064636458   788888888888889928012017000000000007500001012416888888888888899          0900000000000010000000000000000000000000000000000000000   0000000000000000000000000A9        170192957705     
0010001300006U 020000000000000000000000000000000000000000000000000000000000000000000000000000000000000000000000000000000000000000000000002601201700000000            000000000000000                              000                           
0010001300007T 020180230000001544772 29577050084621138   788888888888889928012017000000000007500001012408888888888888899          0900000000000010000000000000000000000000000000000000000   0000000000000000000000000A9        170192957705     
0010001300008U 020000000000000000000000000000000000000000000000000000000000000000000000000000000000000000000000000000000000000000000000002601201700000000            000000000000000                              000                           
0010001300009T 020180230000001544772 29577050124018422   788888888888889928012017000000000007500001005185888888888888899          0900000000000010000000000000000000000000000000000000000   0000000000000000000000000A9        170192957705     
0010001300010U 020000000000000000000000000000000000000000000000000000000000000000000000000000000000000000000000000000000000000000000000002601201700000000            000000000000000                              000                           
0010001300011T 020180230000001544772 29577050128019535   788888888888889928012017000000000007500001000213888888888888899          0900000000000010000000000000000000000000000000000000000   0000000000000000000000000A9        170192957705     
0010001300012U 020000000000000000000000000000000000000000000000000000000000000000000000000000000000000000000000000000000000000000000000002601201700000000            000000000000000                              000                           
0010001300013T 020180230000001544772 29577050128029503   788888888888889928012017000000000007500001000213888888888888899          0900000000000010000000000000000000000000000000000000000   0000000000000000000000000A9        170192957705     
0010001300014U 020000000000000000000000000000000000000000000000000000000000000000000000000000000000000000000000000000000000000000000000002601201700000000            000000000000000                              000                           
0010001300015T 020180230000001544772 29577050155228510   78888888888888992801201700000000000750000103049X888888888888899          0900000000000010000000000000000000000000000000000000000   0000000000000000000000000A9        170192957705     
0010001300016U 020000000000000000000000000000000000000000000000000000000000000000000000000000000000000000000000000000000000000000000000002601201700000000            000000000000000                              000                           
0010001300017T 020180230000001544772 29577050212231971   788888888888889928012017000000000007500001000213888888888888899          0900000000000010000000000000000000000000000000000000000   0000000000000000000000000A9        170192957705     
0010001300018U 020000000000000000000000000000000000000000000000000000000000000000000000000000000000000000000000000000000000000000000000002601201700000000            000000000000000                              000                           
0010001300019T 020180230000001544772 29577050218858333   788888888888889928012017000000000007500001012416888888888888899          0900000000000010000000000000000000000000000000000000000   0000000000000000000000000A9        170192957705     
0010001300020U 020000000000000000000000000000000000000000000000000000000000000000000000000000000000000000000000000000000000000000000000002601201700000000            000000000000000                              000                           
0010001300021T 020180230000001544772 29577050243954706   788888888888889928012017000000000007500001012408888888888888899          0900000000000010500000000000000000000000000000000000000   0000000000000000000000000A9A4      170192957705     
0010001300022U 020000000000000000000000000000000000000000000000000000000000000000000000000000000000000000000000000000000000000000000000002601201700000000            000000000000000                              000                           
0010001300023T 020180230000001544772 29577050247906335   788888888888889928012017000000000010000001007617888888888888899          0900000000000010000000000000000000000000000000000000000   0000000000000000000000000A9        170192957705     
0010001300024U 020000000000000000000000000000000000000000000000000000000000000000000000000000000000000000000000000000000000000000000000002601201700000000            000000000000000                              000                           
0010001300025T 020180230000001544772 29577050262206240   78888888888888992801201700000000000750000103049X888888888888899          0900000000000010000000000000000000000000000000000000000   0000000000000000000000000A9        170192957705     
0010001300026U 020000000000000000000000000000000000000000000000000000000000000000000000000000000000000000000000000000000000000000000000002601201700000000            000000000000000                              000                           
0010001300027T 020180230000001544772 29577050262222908   78888888888888992801201700000000000750000103049X888888888888899          0900000000000010000000000000000000000000000000000000000   0000000000000000000000000A9        170192957705     
0010001300028U 020000000000000000000000000000000000000000000000000000000000000000000000000000000000000000000000000000000000000000000000002601201700000000            000000000000000                              000                           
0010001300029T 020180230000001544772 29577050269434759   788888888888889928012017000000000007500001000213888888888888899          0900000000000010000000000000000000000000000000000000000   0000000000000000000000000A9        170192957705     
0010001300030U 020000000000000000000000000000000000000000000000000000000000000000000000000000000000000000000000000000000000000000000000002601201700000000            000000000000000                              000                           
0010001300031T 020180230000001544772 29577050278353578   788888888888889928012017000000000007500001012408888888888888899          0900000000000010000000000000000000000000000000000000000   0000000000000000000000000A9        170192957705     
0010001300032U 020000000000000000000000000000000000000000000000000000000000000000000000000000000000000000000000000000000000000000000000002601201700000000            000000000000000                              000                           
0010001300033T 020180230000001544772 29577050287451048   788888888888889928012017000000000007500001010561888888888888899          0900000000000010000000000000000000000000000000000000000   0000000000000000000000000A9        170192957705     
0010001300034U 020000000000000000000000000000000000000000000000000000000000000000000000000000000000000000000000000000000000000000000000002601201700000000            000000000000000                              000                           
0010001300035T 020180230000001544772 29577050290014762   788888888888889928012017000000000007500001012408888888888888899          0900000000000010000000000000000000000000000000000000000   0000000000000000000000000A9        170192957705     
0010001300036U 020000000000000000000000000000000000000000000000000000000000000000000000000000000000000000000000000000000000000000000000002601201700000000            000000000000000                              000                           
0010001300037T 020180230000001544772 29577050290046175   788888888888889928012017000000000007500001012408888888888888899          0900000000000010000000000000000000000000000000000000000   0000000000000000000000000A9        170192957705     
0010001300038U 020000000000000000000000000000000000000000000000000000000000000000000000000000000000000000000000000000000000000000000000002601201700000000            000000000000000                              000                           
0010001300039T 020180230000001544772 29577050296700842   788888888888889928012017000000000007500001012408888888888888899          0900000000000010000000000000000000000000000000000000000   0000000000000000000000000A9        170192957705     
0010001300040U 020000000000000000000000000000000000000000000000000000000000000000000000000000000000000000000000000000000000000000000000002601201700000000            000000000000000                              000                           
0010001300041T 020180230000001544772 29577050296832144   788888888888889928012017000000000007500001012408888888888888899          0900000000000010000000000000000000000000000000000000000   0000000000000000000000000A9        170192957705     
0010001300042U 020000000000000000000000000000000000000000000000000000000000000000000000000000000000000000000000000000000000000000000000002601201700000000            000000000000000                              000                           
0010001300043T 020180230000001544772 29577050297002830   788888888888889928012017000000000007500001012408888888888888899          0900000000000010000000000000000000000000000000000000000   0000000000000000000000000A9        170192957705     
0010001300044U 020000000000000000000000000000000000000000000000000000000000000000000000000000000000000000000000000000000000000000000000002601201700000000            000000000000000                              000                           
0010001300045T 020180230000001544772 29577050315335647   788888888888889928012017000000000007500001012408888888888888899          0900000000000010000000000000000000000000000000000000000   0000000000000000000000000A9        170192957705     
0010001300046U 020000000000000000000000000000000000000000000000000000000000000000000000000000000000000000000000000000000000000000000000002601201700000000            000000000000000                              000                           
0010001300047T 020180230000001544772 29577050318228807   788888888888889928012017000000000007500001000833888888888888899          0900000000000010000000000000000000000000000000000000000   0000000000000000000000000A9        170192957705     
0010001300048U 020000000000000000000000000000000000000000000000000000000000000000000000000000000000000000000000000000000000000000000000002601201700000000            000000000000000                              000                           
0010001300049T 020180230000001544772 29577050318335962   788888888888889928012017000000000007500001000833888888888888899          0900000000000010000000000000000000000000000000000000000   0000000000000000000000000A9        170192957705     
0010001300050U 020000000000000000000000000000000000000000000000000000000000000000000000000000000000000000000000000000000000000000000000002601201700000000            000000000000000                              000                           
0010001300051T 020180230000001544772 29577050318454136   788888888888889928012017000000000007500001000833888888888888899          0900000000000010000000000000000000000000000000000000000   0000000000000000000000000A9        170192957705     
0010001300052U 020000000000000000000000000000000000000000000000000000000000000000000000000000000000000000000000000000000000000000000000002601201700000000            000000000000000                              000                           
0010001300053T 020180230000001544772 29577050318537909   788888888888889928012017000000000007500001012416888888888888899          0900000000000010000000000000000000000000000000000000000   0000000000000000000000000A9        170192957705     
0010001300054U 020000000000000000000000000000000000000000000000000000000000000000000000000000000000000000000000000000000000000000000000002601201700000000            000000000000000                              000                           
0010001300055T 020180230000001544772 29577050318813056   788888888888889928012017000000000010000001000213888888888888899          0900000000000010000000000000000000000000000000000000000   0000000000000000000000000A9        170192957705     
0010001300056U 020000000000000000000000000000000000000000000000000000000000000000000000000000000000000000000000000000000000000000000000002601201700000000            000000000000000                              000                           
0010001300057T 020180230000001544772 29577050318921500   788888888888889928012017000000000007500001008338888888888888899          0900000000000010000000000000000000000000000000000000000   0000000000000000000000000A9        170192957705     
0010001300058U 020000000000000000000000000000000000000000000000000000000000000000000000000000000000000000000000000000000000000000000000002601201700000000            000000000000000                              000                           
0010001300059T 020180230000001544772 29577050319059558   788888888888889928012017000000000007500001012408888888888888899          0900000000000010000000000000000000000000000000000000000   0000000000000000000000000A9        170192957705     
0010001300060U 020000000000000000000000000000000000000000000000000000000000000000000000000000000000000000000000000000000000000000000000002601201700000000            000000000000000                              000                           
0010001300061T 020180230000001544772 29577050319142228   788888888888889928012017000000000007500001012408888888888888899          0900000000000010000000000000000000000000000000000000000   0000000000000000000000000A9        170192957705     
0010001300062U 020000000000000000000000000000000000000000000000000000000000000000000000000000000000000000000000000000000000000000000000002601201700000000            000000000000000                              000                           
0010001300063T 020180230000001544772 29577050319215744   78888888888888992801201700000000000750000103049X888888888888899          0900000000000010000000000000000000000000000000000000000   0000000000000000000000000A9        170192957705     
0010001300064U 020000000000000000000000000000000000000000000000000000000000000000000000000000000000000000000000000000000000000000000000002601201700000000            000000000000000                              000                           
0010001300065T 020180230000001544772 29577050319327830   788888888888889928012017000000000007500001045020888888888888899          0900000000000010000000000000000000000000000000000000000   0000000000000000000000000A9        170192957705     
0010001300066U 020000000000000000000000000000000000000000000000000000000000000000000000000000000000000000000000000000000000000000000000002601201700000000            000000000000000                              000                           
0010001300067T 020180230000001544772 29577050319446768   78888888888888992801201700000000000750000103049X888888888888899          0900000000000010000000000000000000000000000000000000000   0000000000000000000000000A9        170192957705     
0010001300068U 020000000000000000000000000000000000000000000000000000000000000000000000000000000000000000000000000000000000000000000000002601201700000000            000000000000000                              000                           
0010001300069T 020180230000001544772 29577050319553594   788888888888889928012017000000000007500001012408888888888888899          0900000000000010000000000000000000000000000000000000000   0000000000000000000000000A9        170192957705     
0010001300070U 020000000000000000000000000000000000000000000000000000000000000000000000000000000000000000000000000000000000000000000000002601201700000000            000000000000000                              000                           
0010001300071T 020180230000001544772 29577050319611434   788888888888889928012017000000000007500001009245888888888888899          0900000000000010000000000000000000000000000000000000000   0000000000000000000000000A9        170192957705     
0010001300072U 020000000000000000000000000000000000000000000000000000000000000000000000000000000000000000000000000000000000000000000000002601201700000000            000000000000000                              000                           
0010001300073T 020180230000001544772 29577050319755570   788888888888889928012017000000000007500001012408888888888888899          0900000000000010000000000000000000000000000000000000000   0000000000000000000000000A9        170192957705     
0010001300074U 020000000000000000000000000000000000000000000000000000000000000000000000000000000000000000000000000000000000000000000000002601201700000000            000000000000000                              000                           
0010001300075T 020180230000001544772 29577050319849738   788888888888889928012017000000000007500001007617888888888888899          0900000000000010000000000000000000000000000000000000000   0000000000000000000000000A9        170192957705     
0010001300076U 020000000000000000000000000000000000000000000000000000000000000000000000000000000000000000000000000000000000000000000000002601201700000000            000000000000000                              000                           
0010001300077T 020180230000001544772 29577050320000974   788888888888889928012017000000000007500001021121888888888888899          0900000000000010000000000000000000000000000000000000000   0000000000000000000000000A9        170192957705     
0010001300078U 020000000000000000000000000000000000000000000000000000000000000000000000000000000000000000000000000000000000000000000000002601201700000000            000000000000000                              000                           
0010001300079T 020180230000001544772 29577050320135521   788888888888889928012017000000000007500001000213888888888888899          0900000000000010000000000000000000000000000000000000000   0000000000000000000000000A9        170192957705     
0010001300080U 020000000000000000000000000000000000000000000000000000000000000000000000000000000000000000000000000000000000000000000000002601201700000000            000000000000000                              000                           
0010001300081T 020180230000001544772 29577050320303034   788888888888889928012017000000000007500001012416888888888888899          0900000000000010000000000000000000000000000000000000000   0000000000000000000000000A9        170192957705     
0010001300082U 020000000000000000000000000000000000000000000000000000000000000000000000000000000000000000000000000000000000000000000000002601201700000000            000000000000000                              000                           
0010001300083T 020180230000001544772 29577050320435521   788888888888889928012017000000000007500001004782888888888888899          0900000000000010000000000000000000000000000000000000000   0000000000000000000000000A9        170192957705     
0010001300084U 020000000000000000000000000000000000000000000000000000000000000000000000000000000000000000000000000000000000000000000000002601201700000000            000000000000000                              000                           
0010001300085T 020180230000001544772 29577050320517309   788888888888889928012017000000000007500001002097888888888888899          0900000000000010000000000000000000000000000000000000000   0000000000000000000000000A9        170192957705     
0010001300086U 020000000000000000000000000000000000000000000000000000000000000000000000000000000000000000000000000000000000000000000000002601201700000000            000000000000000                              000                           
0010001300087T 020180230000001544772 29577050320651111   788888888888889928012017000000000007500001000213888888888888899          0900000000000010000000000000000000000000000000000000000   0000000000000000000000000A9        170192957705     
0010001300088U 020000000000000000000000000000000000000000000000000000000000000000000000000000000000000000000000000000000000000000000000002601201700000000            000000000000000                              000                           
0010001300089T 020180230000001544772 29577050320732636   788888888888889928012017000000000007500001012408888888888888899          0900000000000010000000000000000000000000000000000000000   0000000000000000000000000A9        170192957705     
0010001300090U 020000000000000000000000000000000000000000000000000000000000000000000000000000000000000000000000000000000000000000000000002601201700000000            000000000000000                              000                           
0010001300091T 020180230000001544772 29577050320926797   788888888888889928012017000000000007500001000213888888888888899          0900000000000010000000000000000000000000000000000000000   0000000000000000000000000A9        170192957705     
0010001300092U 020000000000000000000000000000000000000000000000000000000000000000000000000000000000000000000000000000000000000000000000002601201700000000            000000000000000                              000                           
0010001300093T 020180230000001544772 29577050321045010   788888888888889928012017000000000007500001012408888888888888899          0900000000000010000000000000000000000000000000000000000   0000000000000000000000000A9        170192957705     
0010001300094U 020000000000000000000000000000000000000000000000000000000000000000000000000000000000000000000000000000000000000000000000002601201700000000            000000000000000                              000                           
0010001300095T 020180230000001544772 29577050321110361   788888888888889928012017000000000007500001004782888888888888899          0900000000000010000000000000000000000000000000000000000   0000000000000000000000000A9        170192957705     
0010001300096U 020000000000000000000000000000000000000000000000000000000000000000000000000000000000000000000000000000000000000000000000002601201700000000            000000000000000                              000                           
0010001300097T 020180230000001544772 29577050321249433   78888888888888992801201700000000000750000103049X888888888888899          0900000000000010000000000000000000000000000000000000000   0000000000000000000000000A9        170192957705     
0010001300098U 020000000000000000000000000000000000000000000000000000000000000000000000000000000000000000000000000000000000000000000000002601201700000000            000000000000000                              000                           
0010001300099T 020180230000001544772 29577050321345705   788888888888889928012017000000000007500001012408888888888888899          0900000000000010000000000000000000000000000000000000000   0000000000000000000000000A9        170192957705     
0010001300100U 020000000000000000000000000000000000000000000000000000000000000000000000000000000000000000000000000000000000000000000000002601201700000000            000000000000000                              000                           
0010001300101T 020180230000001544772 29577050321403981   78888888888888992801201700000000000750000103049X888888888888899          0900000000000010000000000000000000000000000000000000000   0000000000000000000000000A9        170192957705     
0010001300102U 020000000000000000000000000000000000000000000000000000000000000000000000000000000000000000000000000000000000000000000000002601201700000000            000000000000000                              000                           
0010001300103T 020180230000001544772 29577050321517458   788888888888889928012017000000000007500001012408888888888888899          0900000000000010000000000000000000000000000000000000000   0000000000000000000000000A9        170192957705     
0010001300104U 020000000000000000000000000000000000000000000000000000000000000000000000000000000000000000000000000000000000000000000000002601201700000000            000000000000000                              000                           
0010001300105T 020180230000001544772 29577050321605258   788888888888889928012017000000000007500001015814888888888888899          0900000000000010000000000000000000000000000000000000000   0000000000000000000000000A9        170192957705     
0010001300106U 020000000000000000000000000000000000000000000000000000000000000000000000000000000000000000000000000000000000000000000000002601201700000000            000000000000000                              000                           
0010001300107T 020180230000001544772 29577050321702610   788888888888889928012017000000000007500001000213888888888888899          0900000000000010000000000000000000000000000000000000000   0000000000000000000000000A9        170192957705     
0010001300108U 020000000000000000000000000000000000000000000000000000000000000000000000000000000000000000000000000000000000000000000000002601201700000000            000000000000000                              000                           
0010001300109T 020180230000001544772 29577050321838735   78888888888888992801201700000000000750000103049X888888888888899          0900000000000010000000000000000000000000000000000000000   0000000000000000000000000A9        170192957705     
0010001300110U 020000000000000000000000000000000000000000000000000000000000000000000000000000000000000000000000000000000000000000000000002601201700000000            000000000000000                              000                           
0010001300111T 020180230000001544772 29577050321904273   788888888888889928012017000000000007500001044911888888888888899          0900000000000010000000000000000000000000000000000000000   0000000000000000000000000A9        170192957705     
0010001300112U 020000000000000000000000000000000000000000000000000000000000000000000000000000000000000000000000000000000000000000000000002601201700000000            000000000000000                              000                           
0010001300113T 020180230000001544772 29577050321920804   788888888888889928012017000000000007500001044911888888888888899          0900000000000010000000000000000000000000000000000000000   0000000000000000000000000A9        170192957705     
0010001300114U 020000000000000000000000000000000000000000000000000000000000000000000000000000000000000000000000000000000000000000000000002601201700000000            000000000000000                              000                           
0010001300115T 020180230000001544772 29577050322038979   788888888888889928012017000000000007500001012416888888888888899          0900000000000010000000000000000000000000000000000000000   0000000000000000000000000A9        170192957705     
0010001300116U 020000000000000000000000000000000000000000000000000000000000000000000000000000000000000000000000000000000000000000000000002601201700000000            000000000000000                              000                           
0010001300117T 020180230000001544772 29577050322140150   788888888888889928012017000000000007500001002860888888888888899          0900000000000010000000000000000000000000000000000000000   0000000000000000000000000A9        170192957705     
0010001300118U 020000000000000000000000000000000000000000000000000000000000000000000000000000000000000000000000000000000000000000000000002601201700000000            000000000000000                              000                           
0010001300119T 020180230000001544772 29577050322203344   788888888888889928012017000000000007500001000213888888888888899          0900000000000010000000000000000000000000000000000000000   0000000000000000000000000A9        170192957705     
0010001300120U 020000000000000000000000000000000000000000000000000000000000000000000000000000000000000000000000000000000000000000000000002601201700000000            000000000000000                              000                           
0010001300121T 020180230000001544772 29577050322346688   788888888888889928012017000000000007500001012408888888888888899          0900000000000010500000000000000000000000000000000000000   0000000000000000000000000A9A4      170192957705     
0010001300122U 020000000000000000000000000000000000000000000000000000000000000000000000000000000000000000000000000000000000000000000000002601201700000000            000000000000000                              000                           
0010001300123T 020180230000001544772 29577050322415262   788888888888889928012017000000000007500001000213888888888888899          0900000000000010000000000000000000000000000000000000000   0000000000000000000000000A9        170192957705     
0010001300124U 020000000000000000000000000000000000000000000000000000000000000000000000000000000000000000000000000000000000000000000000002601201700000000            000000000000000                              000                           
0010001300125T 020180230000001544772 29577050322505687   788888888888889928012017000000000007500001012408888888888888899          0900000000000010000000000000000000000000000000000000000   0000000000000000000000000A9        170192957705     
0010001300126U 020000000000000000000000000000000000000000000000000000000000000000000000000000000000000000000000000000000000000000000000002601201700000000            000000000000000                              000                           
0010001300127T 020180230000001544772 29577050322549900   788888888888889928012017000000000007500001012408888888888888899          0900000000000010000000000000000000000000000000000000000   0000000000000000000000000A9        170192957705     
0010001300128U 020000000000000000000000000000000000000000000000000000000000000000000000000000000000000000000000000000000000000000000000002601201700000000            000000000000000                              000                           
0010001300129T 020180230000001544772 29577050322659259   788888888888889928012017000000000007500001007331888888888888899          0900000000000010000000000000000000000000000000000000000   0000000000000000000000000A9        170192957705     
0010001300130U 020000000000000000000000000000000000000000000000000000000000000000000000000000000000000000000000000000000000000000000000002601201700000000            000000000000000                              000                           
0010001300131T 020180230000001544772 29577050322719209   788888888888889928012017000000000007500001044911888888888888899          0900000000000010000000000000000000000000000000000000000   0000000000000000000000000A9        170192957705     
0010001300132U 020000000000000000000000000000000000000000000000000000000000000000000000000000000000000000000000000000000000000000000000002601201700000000            000000000000000                              000                           
0010001300133T 020180230000001544772 29577050322756047   788888888888889928012017000000000007500001044911888888888888899          0900000000000010000000000000000000000000000000000000000   0000000000000000000000000A9        170192957705     
0010001300134U 020000000000000000000000000000000000000000000000000000000000000000000000000000000000000000000000000000000000000000000000002601201700000000            000000000000000                              000                           
0010001300135T 020180230000001544772 29577050322831584   788888888888889928012017000000000007500001044911888888888888899          0900000000000010000000000000000000000000000000000000000   0000000000000000000000000A9        170192957705     
0010001300136U 020000000000000000000000000000000000000000000000000000000000000000000000000000000000000000000000000000000000000000000000002601201700000000            000000000000000                              000                           
0010001300137T 020180230000001544772 29577050322857315   788888888888889928012017000000000007500001044911888888888888899          0900000000000010000000000000000000000000000000000000000   0000000000000000000000000A9        170192957705     
0010001300138U 020000000000000000000000000000000000000000000000000000000000000000000000000000000000000000000000000000000000000000000000002601201700000000            000000000000000                              000                           
0010001300139T 020180230000001544772 29577050322903575   78888888888888992801201700000000000750000103049X888888888888899          0900000000000010000000000000000000000000000000000000000   0000000000000000000000000A9        170192957705     
0010001300140U 020000000000000000000000000000000000000000000000000000000000000000000000000000000000000000000000000000000000000000000000002601201700000000            000000000000000                              000                           
0010001300141T 020180230000001544772 29577050323001520   788888888888889928012017000000000007500001046280888888888888899          0900000000000010000000000000000000000000000000000000000   0000000000000000000000000A9        170192957705     
0010001300142U 020000000000000000000000000000000000000000000000000000000000000000000000000000000000000000000000000000000000000000000000002601201700000000            000000000000000                              000                           
0010001300143T 020180230000001544772 29577050323235262   78888888888888992801201700000000000750000103049X888888888888899          0900000000000010000000000000000000000000000000000000000   0000000000000000000000000A9        170192957705     
0010001300144U 020000000000000000000000000000000000000000000000000000000000000000000000000000000000000000000000000000000000000000000000002601201700000000            000000000000000                              000                           
0010001300145T 020180230000001544772 29577050323356711   788888888888889928012017000000000010000001012408888888888888899          0900000000000010000000000000000000000000000000000000000   0000000000000000000000000A9        170192957705     
0010001300146U 020000000000000000000000000000000000000000000000000000000000000000000000000000000000000000000000000000000000000000000000002601201700000000            000000000000000                              000                           
0010001300147T 020180230000001544772 29577050323453665   78888888888888992801201700000000000750000100829X888888888888899          0900000000000010000000000000000000000000000000000000000   0000000000000000000000000A9        170192957705     
0010001300148U 020000000000000000000000000000000000000000000000000000000000000000000000000000000000000000000000000000000000000000000000002601201700000000            000000000000000                              000                           
0010001300149T 020180230000001544772 29577050323512260   78888888888888992801201700000000000750000103049X888888888888899          0900000000000010000000000000000000000000000000000000000   0000000000000000000000000A9        170192957705     
0010001300150U 020000000000000000000000000000000000000000000000000000000000000000000000000000000000000000000000000000000000000000000000002601201700000000            000000000000000                              000                           
0010001300151T 020180230000001544772 29577050323617739   78888888888888992801201700000000000750000100829X888888888888899          0900000000000010000000000000000000000000000000000000000   0000000000000000000000000A9        170192957705     
0010001300152U 020000000000000000000000000000000000000000000000000000000000000000000000000000000000000000000000000000000000000000000000002601201700000000            000000000000000                              000                           
0010001300153T 020180230000001544772 29577050323726024   788888888888889928012017000000000007500001012408888888888888899          0900000000000010000000000000000000000000000000000000000   0000000000000000000000000A9        170192957705     
0010001300154U 020000000000000000000000000000000000000000000000000000000000000000000000000000000000000000000000000000000000000000000000002601201700000000            000000000000000                              000                           
0010001300155T 020180230000001544772 29577050323836705   788888888888889928012017000000000007500001012408888888888888899          0900000000000010000000000000000000000000000000000000000   0000000000000000000000000A9        170192957705     
0010001300156U 020000000000000000000000000000000000000000000000000000000000000000000000000000000000000000000000000000000000000000000000002601201700000000            000000000000000                              000                           
0010001300157T 020180230000001544772 29577050324051205   788888888888889928012017000000000010000001016861888888888888899          0900000000000010000000000000000000000000000000000000000   0000000000000000000000000A9        170192957705     
0010001300158U 020000000000000000000000000000000000000000000000000000000000000000000000000000000000000000000000000000000000000000000000002601201700000000            000000000000000                              000                           
0010001300159T 020180230000001544772 29577050324100604   788888888888889928012017000000000007500001000213888888888888899          0900000000000010000000000000000000000000000000000000000   0000000000000000000000000A9        170192957705     
0010001300160U 020000000000000000000000000000000000000000000000000000000000000000000000000000000000000000000000000000000000000000000000002601201700000000            000000000000000                              000                           
0010001300161T 020180230000001544772 29577050324159821   788888888888889928012017000000000007500001000213888888888888899          0900000000000010000000000000000000000000000000000000000   0000000000000000000000000A9        170192957705     
0010001300162U 020000000000000000000000000000000000000000000000000000000000000000000000000000000000000000000000000000000000000000000000002601201700000000            000000000000000                              000                           
0010001300163T 020180230000001544772 29577050324200596   788888888888889928012017000000000007500001012408888888888888899          0900000000000010000000000000000000000000000000000000000   0000000000000000000000000A9        170192957705     
0010001300164U 020000000000000000000000000000000000000000000000000000000000000000000000000000000000000000000000000000000000000000000000002601201700000000            000000000000000                              000                           
0010001300165T 060180230000001544772 29577050098232197   788888888888889926012017000000000007500104031320888888888888899          0900000000000010000000000000000000000000000000000000000   000000000000000000000029000        170192957705     
0010001300166U 060000000000000000000000000000000000000000000000000000000000000000000000075000000000000072100000000000000000000000000000002601201727012017            000000000000000                              000                           
0010001300167T 060180230000001544772 29577050199656778   788888888888889927012017000000000007500021001050888888888888899          0900000000000010000000000000000000000000000000000000000   000000000000000000000029000        170192957705     
0010001300168U 060000000000000000000000000000000000000000000000000000000000000000000000075000000000000072100000000000000000000000000000002601201727012017            000000000000000                              000                           
0010001300169T 170180230000001544772 29577050200943415   7               00000000000000000010000104020410                         0900000000000010000000000000000000000000000000000000000   000000000000000000000070003        170192957705     
0010001300170U 170000000000000000000000000000000000000000000000000000000000000000000000100000000000000093000000000000000000000000000000002601201727012017            000000000000000                              000                           
0010001300171T 170180230000001544772 29577050218808166   7               00000000000000000007500021001020                         0900000000000010000000000000000000000000000000000000000   000000000000000000000070003        170192957705     
0010001300172U 170000000000000000000000000000000000000000000000000000000000000000000000075000000000000068000000000000000000000000000000002601201727012017            000000000000000                              000                           
0010001300173T 170180230000001544772 29577050237740424   7               00000000000000000007500001030287                         0900000000000010000000000000000000000000000000000000000   000000000000000000000070003        170192957705     
0010001300174U 170000000000000000000000000000000000000000000000000000000000000000000000075000000000000068000000000000000000000000000000002601201727012017            000000000000000                              000                           
0010001300175T 170180230000001544772 29577050278512068   7               00000000000000000007500104020420                         0900000000000010000000000000000000000000000000000000000   000000000000000000000070003        170192957705     
0010001300176U 170000000000000000000000000000000000000000000000000000000000000000000000075000000000000068000000000000000000000000000000002601201727012017            000000000000000                              000                           
0010001300177T 060180230000001544772 29577050282351135   788888888888889926012017000000000007500104010340888888888888899          0900000000000010000000000000000000000000000000000000000   000000000000000000000029000        170192957705     
0010001300178U 060000000000000000000000000000000000000000000000000000000000000000000000075000000000000072100000000000000000000000000000002601201727012017            000000000000000                              000                           
0010001300179T 060180230000001544772 29577050296700842   788888888888889928012017000000000007500104001730888888888888899          0900000000000010000000000000000000000000000000000000000   000000000000000000000029000        170192957705     
0010001300180U 060000000000000000000000000000000000000000000000000000000000000000000000075000000000000072100000000000000000000000000000002601201727012017            000000000000000                              000                           
0010001300181T 060180230000001544772 29577050296832144   788888888888889928012017000000000007500104001730888888888888899          0900000000000010000000000000000000000000000000000000000   000000000000000000000029000        170192957705     
0010001300182U 060000000000000000000000000000000000000000000000000000000000000000000000075000000000000072100000000000000000000000000000002601201727012017            000000000000000                              000                           
0010001300183T 060180230000001544772 29577050297002830   788888888888889928012017000000000007500104001730888888888888899          0900000000000010000000000000000000000000000000000000000   000000000000000000000029000        170192957705     
0010001300184U 060000000000000000000000000000000000000000000000000000000000000000000000075000000000000072100000000000000000000000000000002601201727012017            000000000000000                              000                           
0010001300185T 060180230000001544772 29577050311901150   788888888888889926012017000000000007500021001080888888888888899          0900000000000010000000000000000000000000000000000000000   000000000000000000000029000        170192957705     
0010001300186U 060000000000000000000000000000000000000000000000000000000000000000000000075000000000000072100000000000000000000000000000002601201727012017            000000000000000                              000                           
0010001300187T 060180230000001544772 29577050312657533   788888888888889926012017000000000007500104033080888888888888899          0900000000000010000000000000000000000000000000000000000   000000000000000000000029000        170192957705     
0010001300188U 060000000000000000000000000000000000000000000000000000000000000000000000075000000000000072100000000000000000000000000000002601201727012017            000000000000000                              000                           
0010001300189T 060180230000001544772 29577050313546492   788888888888889926012017000000000010000104005900888888888888899          0900000000000010000000000000000000000000000000000000000   000000000000000000000029000        170192957705     
0010001300190U 060000000000000000000000000000000000000000000000000000000000000000000000100000000000000097100000000000000000000000000000002601201727012017            000000000000000                              000                           
0010001300191T 170180230000001544772 29577050315637316   7               00000000000000000007500104001730                         0900000000000010000000000000000000000000000000000000000   000000000000000000000070003        170192957705     
0010001300192U 170000000000000000000000000000000000000000000000000000000000000000000000075000000000000068000000000000000000000000000000002601201727012017            000000000000000                              000                           
0010001300193T 170180230000001544772 29577050315829099   7               00000000000000000007500033037020                         0900000000000010000000000000000000000000000000000000000   000000000000000000000070003        170192957705     
0010001300194U 170000000000000000000000000000000000000000000000000000000000000000000000075000000000000068000000000000000000000000000000002601201727012017            000000000000000                              000                           
0010001300195T 060180230000001544772 29577050323356711   788888888888889928012017000000000010000104015390888888888888899          0900000000000010000000000000000000000000000000000000000   000000000000000000000029000        170192957705     
0010001300196U 060000000000000000000000000000000000000000000000000000000000000000000000100000000000000097100000000000000000000000000000002601201727012017            000000000000000                              000                           
0010001300197T 170180230000001544772 29577050325637206   7               00000000000000000007500021001050                         0900000000000010000000000000000000000000000000000000000   000000000000000000000070003        170192957705     
0010001300198U 170000000000000000000000000000000000000000000000000000000000000000000000075000000000000068000000000000000000000000000000002601201727012017            000000000000000                              000                           
0010001300199T 280180230000001544772 29577050018118343   788888888888889927122016000000000007500001000000888888888888899          0900000000000000000000000000000000000000000000000000000   000000000000000000000005002        170192957705     
0010001300200U 280000000000000000000000000000000000000000000000000000000000000000000000000000000000000000000000000000000000000000000000002601201700000000            000000000000000                              000                           
0010001300201T 280180230000001544772 29577050060802665   788888888888889927122016000000000007500001000000888888888888899          0900000000000000000000000000000000000000000000000000000   000000000000000000000005002        170192957705     
0010001300202U 280000000000000000000000000000000000000000000000000000000000000000000000000000000000000000000000000000000000000000000000002601201700000000            000000000000000                              000                           
0010001300203T 280180230000001544772 29577050060933253   788888888888889927122016000000000007500001000000888888888888899          0900000000000000000000000000000000000000000000000000000   000000000000000000000005002        170192957705     
0010001300204U 280000000000000000000000000000000000000000000000000000000000000000000000000000000000000000000000000000000000000000000000002601201700000000            000000000000000                              000                           
0010001300205T 280180230000001544772 29577050061538759   788888888888889927122016000000000007500001000000888888888888899          0900000000000000000000000000000000000000000000000000000   000000000000000000000005002        170192957705     
0010001300206U 280000000000000000000000000000000000000000000000000000000000000000000000000000000000000000000000000000000000000000000000002601201700000000            000000000000000                              000                           
0010001300207T 280180230000001544772 29577050061538935   788888888888889927122016000000000007500001000000888888888888899          0900000000000000000000000000000000000000000000000000000   000000000000000000000005002        170192957705     
0010001300208U 280000000000000000000000000000000000000000000000000000000000000000000000000000000000000000000000000000000000000000000000002601201700000000            000000000000000                              000                           
0010001300209T 280180230000001544772 29577050061540360   788888888888889927122016000000000007500001000000888888888888899          0900000000000000000000000000000000000000000000000000000   000000000000000000000005002        170192957705     
0010001300210U 280000000000000000000000000000000000000000000000000000000000000000000000000000000000000000000000000000000000000000000000002601201700000000            000000000000000                              000                           
0010001300211T 280180230000001544772 29577050061540454   788888888888889927122016000000000007500001000000888888888888899          0900000000000000000000000000000000000000000000000000000   000000000000000000000005002        170192957705     
0010001300212U 280000000000000000000000000000000000000000000000000000000000000000000000000000000000000000000000000000000000000000000000002601201700000000            000000000000000                              000                           
0010001300213T 280180230000001544772 29577050061639699   788888888888889927122016000000000007500001000000888888888888899          0900000000000000000000000000000000000000000000000000000   000000000000000000000005002        170192957705     
0010001300214U 280000000000000000000000000000000000000000000000000000000000000000000000000000000000000000000000000000000000000000000000002601201700000000            000000000000000                              000                           
0010001300215T 280180230000001544772 29577050061857399   788888888888889927122016000000000007500001000000888888888888899          0900000000000000000000000000000000000000000000000000000   000000000000000000000005002        170192957705     
0010001300216U 280000000000000000000000000000000000000000000000000000000000000000000000000000000000000000000000000000000000000000000000002601201700000000            000000000000000                              000                           
0010001300217T 030180230000001544772 29577050256855168   78888888888888992801201700000000000750000100000 888888888888899          0900000000000000000000000000000000000000000000000000000   000000000000000000000000063        170192957705     
0010001300218U 030000000000000000000000000000000000000000000000000000000000000000000000000000000000000000000000000000000000000000000000002601201700000000            000000000000000                              000                           
00100015         000220001719000000000131740000000000000000000000000000000000000000000000000000000000000000000000000000000000000000000000000000000                                                                                              
00199999         000001000222000000                                                                                                                                                            00000000000000000000000000000                    
